2654 4830
207 337 255 423 34
445 334 519 400 CL.
548 333 852 429 CLAUDIANI
881 334 1029 401 XXIV.

203 467 366 564 Agricolae
387 478 535 534 reserant
552 465 619 557 jam
639 479 708 533 tuta
728 463 869 558 mapalia
882 464 1002 533 Mauri.
1167 558 1169 563 Α

203 581 288 644 Tum
308 572 427 641 virides
445 570 586 665 pardos,
609 585 642 638 et
662 586 780 641 caetera
799 569 924 665 colligit
944 574 1053 640 Austri
1231 605 1266 649 ³45

204 681 377 774 Prodigia,
394 680 619 769 immanesque
637 676 732 744 simul
749 677 890 745 Latonia
906 675 1039 765 demea,

205 789 272 877 Qui
294 786 374 855 secti
389 784 477 852 ferro
494 785 528 850 in
545 781 693 867 tabulas,
712 807 859 876 auroque
878 784 1057 871 micantes,

203 892 360 986 Inscripti
378 889 513 958 rutilum
532 887 647 957 caelato
667 887 802 957 consule
820 913 963 974 nomen,

205 1002 269 1068 Per
286 1009 491 1092 proceresct
505 992 624 1088 vulgus
639 1008 736 1061 eant:
751 1009 867 1088 stupor
882 994 1035 1065 amnibus
1047 996 1141 1066 Indis

205 1217 278 1264 seua,
290 1196 336 1250 sed
346 1206 477 1248 armenta,
488 1211 546 1264 quse
558 1205 619 1245 sunt
629 1193 714 1263 in'pa·
756 1194 932 1259 ravi.»Cf.V,
945 1193 991 1258 54ss
1000 1194 1069 1262 VH,
1081 1215 1117 1265 77
1123 1195 1196 1261 ;IX,
1208 1195 1270 1250 113.

205 1279 274 1334 scuis
284 1294 290 1329 ε
302 1276 344 1329 vel
354 1291 513 1344 pascuorum
525 1270 642 1336 domini,
654 1286 714 1325 ante
757 1274 795 1325 Ut
802 1272 909 1325 redeam
916 1271 950 1325 ad
957 1293 1051 1326 aurum
1056 1273 1181 1340 ,videtur
1191 1275 1271 1328 etiam

204 1370 278 1411 metu
287 1353 422 1426 oppressi,
434 1352 565 1422 respirant
575 1353 672 1419 tutius,
680 1353 713 1404 li·
757 1353 813 1404 anri
822 1351 963 1407 filamentis
972 1391 979 1417 ,
987 1372 1068 1424 opere
1076 1354 1149 1407 velut
1154 1355 1271 1417 musivo,

204 1437 290 1492 berati
303 1433 391 1487 abhis
402 1430 536 1484 monstris.
757 1450 857 1484 nomen
888 1433 1054 1505 magistratus
1077 1434 1106 1485 iu
1133 1433 1274 1505 diptychis

247 1516 452 1578 Mhlleseraut,
462 1523 552 1582 aperta
558 1511 716 1583 relinquunt
753 1530 929 1581 expressum,
948 1511 1024 1582 quod
1039 1526 1118 1583 poeta
1131 1526 1213 1569 uocat
1231 1534 1274 1566 ru*

205 1596 331 1667 mapalia,
350 1603 427 1661 ante,
446 1590 481 1643 oh
498 1603 599 1643 metum
616 1589 714 1643 hestia·
760 1593 836 1643 eitum.
851 1623 891 1633 —-
908 1591 1058 1663 Descriptio
1080 1591 1275 1664 diptychorum

205 1695 283 1741 rum,
299 1671 386 1726 claudi
401 1671 465 1725 seris
480 1682 506 1722 et
526 1668 656 1741 repagulis
672 1689 715 1724 so·
759 1666 958 1736 eburneorum,
978 1690 1094 1743 qnorum
1113 1672 1166 1725 hoc
1181 1673 1274 1744 ipsum

204 1757 260 1809 lita,
758 1762 863 1821 tempus
888 1764 944 1811 erat
966 1751 1173 1816 ferocissimum,
1197 1751 1275 1823 quod

247 1833 312 1898 345.
343 1829 439 1882 Virides
463 1828 553 1897 pardos
578 1826 658 1891 dixit,
686 1841 717 1881 ut
758 1842 883 1900 apparet,
897 1830 989 1902 siquis
1003 1832 1151 1901 catalogum
1160 1850 1276 1900 eorum,

205 1913 339 1974 XXXVI,
357 1912 422 1972 266,
436 1906 471 1959 de
486 1905 584 1977 tigride
598 1918 716 1978 totamque
758 1927 818 1979 quae
829 1908 916 1962 adhuc
926 1909 1060 1981 publicata
1071 1924 1148 1976 suut,
1160 1929 1275 1982 percur-

206 1991 339 2045 oirentibus
363 1993 423 2039 tram
446 1988 571 2056 Dispergt't
596 1988 716 2048 maculis,·
758 2002 815 2053 rat,
836 2008 915 2059 quem
934 2007 1020 2060 nuper
1041 1987 1116 2042 dedit
1136 1987 1200 2042 edm
1214 2011 1276 2043 ¹suo

207 2071 305 2143 quasia
315 2086 419 2120 veneno
428 2064 544 2136 quodam
554 2066 600 2118 irae
607 2064 716 2118 demum
761 2067 891 2138 diptycho
907 2070 940 2122 cl.
953 2069 1046 2122 Saxius
1057 2087 1072 2120 a
1084 2089 1112 2140 p.
1129 2071 1157 2123 8.
1174 2070 1276 2124 Goria-

207 2149 306 2204 virides
320 2148 414 2199 fierent
430 2159 437 2192 τ
455 2164 507 2216 qua
523 2144 631 2215 quidem
647 2147 674 2196 in
687 2165 717 2197 re
759 2167 825 2199 num
843 2149 916 2200 enim
935 2147 1126 2220 diptychorum
1149 2152 1275 2204 consula·

206 2229 314 2301 ingenio
329 2245 377 2280 suo
391 2227 554 2295 obsequitur.
569 2225 634 2288 Quae
650 2225 717 2277 mihi
759 2227 830 2279 rium
847 2229 1015 2291 thesaurum,
1032 2247 1115 2297 quum
1130 2229 1180 2281 ista
1196 2249 1273 2283 com·

206 2329 258 2382 pro
279 2308 343 2379 tigri
362 2317 466 2358 ostensa
487 2316 526 2356 cst
543 2305 641 2368 bestia,
661 2307 717 2374 ejus
759 2319 908 2368 mentam,
922 2306 1045 2360 nondum
1056 2306 1185 2359 videram.
1202 2308 1276 2361 Stili-

207 2389 317 2444 maculae
333 2388 362 2439 in
380 2386 440 2438 albo
458 2385 624 2455 nigricahant
643 2402 718 2441 auec
759 2387 852 2438 chonis
874 2386 958 2457 ipsius
972 2385 1127 2457 aliquandiu
1147 2388 1275 2442 habitum

207 2469 303 2534 video,
317 2464 457 2539 quihodie
469 2463 556 2518 viride
567 2463 717 2537 quidquam
760 2466 919 2518 Divionense
941 2465 1025 2528 illud,
1052 2464 1125 2537 quod
1150 2486 1208 2520 non
1236 2469 1276 2521 ita

207 2552 236 2604 in
261 2561 318 2602 toto
342 2548 394 2599 hoc
417 2563 513 2615 genere
534 2545 717 2597 Africanarum
759 2544 865 2614 pridem
890 2565 905 2598 a
930 2545 1055 2599 Gesneris
1079 2547 1206 2599 fratribus
1231 2547 1275 2600 in-

208 2627 363 2683 observarit.
387 2625 503 2677 Maculas
522 2624 614 2693 nigras
636 2623 726 2692 vulgo·
760 2623 952 2695 dultum,quod
962 2625 997 2678 ad
1007 2638 1275 2697 utramquepartem,

208 2726 300 2761 omncs
308 2705 441 2758 tribumrt.
449 2702 575 2772 Superest
585 2715 616 2753 ut
628 2703 717 2752 virides
759 2723 779 2755 s.
795 2705 912 2755 tabulam
927 2706 1073 2775 publicavit
1087 2719 1114 2757 et
1129 2706 1276 2761 illustravit

210 2786 394 2848 dilutiore‚ut
412 2783 448 2834 ita
462 2780 564 2845 dicam,
582 2781 717 2834 intellectu
760 2783 967 2853 Hagenbuchius
990 2788 1001 2836 ὁ
1025 2788 1179 2856 ἐπιγραφικὸς
1207 2806 1274 2840 cum

209 2865 307 2919 dixerit
325 2874 403 2933 poeta
420 2859 531 2931 pardos,
550 2858 717 2913 flavescentes
759 2863 918 2927 Quiriniano
933 2862 1063 2935 diptycho
1080 2883 1094 2917 a
1113 2884 1141 2936 p.
1160 2864 1214 2918 232
1233 2887 1273 2938 sq.

210 2948 388 3016 aliquantum,
407 2958 498 3004 ravos,
519 2953 550 2991 ut
567 2953 630 2991 sunt
649 2940 716 3010 lupi.
761 2943 853 2994 -Pro
863 2942 967 2996 duobus
978 2945 1097 2997 versibus
1110 2963 1194 2996 unum
1211 2949 1274 3016 qui-

208 3027 252 3080 Sic
259 3024 343 3090 sulvus
356 3039 415 3089 aper
426 3018 507 3070 ovid.
522 3021 579 3071 Art.
592 3020 635 3082 ΙΙι,
651 3019 717 3088 373,
758 3019 820 3072 dam
833 3041 963 3074 manuscr.
978 3024 1093 3087 hahent,
1111 3025 1162 3092 Qui
1176 3045 1232 3076 mox
1248 3031 1275 3078 in

208 3104 295 3177 poetis
316 3099 423 3153 videtur
445 3117 525 3169 quam
547 3100 717 3151 venatoribus
760 3101 854 3154 tabulas
868 3106 980 3172 inscripto
995 3105 1087 3154 consule
1102 3107 1167 3156 secti.

208 3186 304 3237 notior.
800 3181 864 3249 349.
878 3183 967 3233 Anares
980 3183 1038 3233 Indi
1050 3195 1172 3253 stupent,
1185 3203 1272 3255 quum

250 3263 316 3325 346.
328 3261 419 3312 Barros
433 3275 564 3311 manuscr.
762 3272 801 3311 tot
814 3259 848 3312 ad
861 3279 889 3312 se
903 3262 1057 3332 elephantos
1072 3275 1167 3332 potum
1180 3264 1275 3316 venire

249 3341 316 3409 347.
326 3339 396 3391 Auru
410 3341 523 3389 micantia
537 3335 666 3408 diptycha
679 3337 718 3387 in·
761 3338 853 3392 vident
861 3341 984 3393 mutilos:
995 3340 1101 3412 dignior
1113 3341 1225 3412 quidem
1237 3345 1275 3396 in·

208 3419 314 3476 terdum
331 3416 392 3470 data
409 3416 526 3470 ostendit
543 3416 717 3489 Symmachus
760 3420 837 3489 genio
853 3420 944 3472 Nostri
956 3420 1095 3473 videbatur
1112 3421 1170 3474 haec
1191 3424 1273 3478 lectio

161 3514 163 3518 ⁴
207 3501 293 3571 Epist?
303 3498 347 3559 11,
359 3498 408 3549 80:
418 3497 551 3549 «Domino
559 3510 586 3549 et
598 3496 717 3568 Principi
761 3511 787 3550 et
800 3497 936 3551 distinctio
949 3519 1004 3570 prae
1016 3501 1059 3552 illa
1071 3503 1191 3571 vulgata:

207 3591 314 3633 nostro·
326 3609 333 3623 ο
346 3575 622 3645 -auroclrcumdatllm
629 3575 718 3648 dipty·
760 3592 798 3631 Per
811 3607 902 3644 proceres
915 3603 934 3631 et
945 3593 1016 3645 vulgus
1026 3603 1079 3640 eant,
1092 3603 1162 3647 stupor
1169 3597 1263 3637 omuibus

207 3652 344 3718 chonlsic
366 3653 437 3706 enim
459 3654 509 3724 leg.
530 3673 581 3724 pro
603 3655 716 3707 barbaro
801 3662 862 3700 Indis·

207 3731 337 3812 dypticum)
345 3732 535 3785 misi:caeteros
544 3750 651 3804 quoquc
662 3731 717 3796 (ad·
759 3733 892 3804 Diptycha
908 3754 969 3787 sane
982 3754 1037 3787 non
1054 3748 1116 3789 sunt
1130 3749 1215 3808 stupor
1230 3741 1274 3791 Iu-

206 3808 717 3877 damusenimetiamhoclamicosebnr·
760 3814 798 3864 dis
821 3813 940 3878 omnibus,
964 3833 1077 3884 quorum
1099 3819 1203 3887 paucis,
1228 3832 1274 3870 aut

207 3885 717 3967 neispugillaribus(diptychisletcani-
760 3894 826 3944 nulli
835 3893 917 3957 aden,
931 3895 1107 3947 innotescunt.
1122 3896 1163 3948 Ne
1171 3910 1275 3950 mutata

207 3977 288 4030 stellis
302 3967 473 4043 (sportulis)
487 3969 615 4040 argenteis
630 3966 715 4023 liono-
760 3971 868 4041 quidem
879 3973 1048 4027 distinctione
1058 3993 1151 4028 verum
1159 3976 1275 4042 e'st,ele·
