2654 4830
224 333 297 409 DE
322 331 468 399 CONS.
499 331 724 400 STILICH.
753 335 854 402 LlB..
878 337 952 403 ΙΙΙ.

60 454 239 548 Plurimus,
256 464 379 556 ereptis
397 460 531 558 elephas
548 462 707 557 inglorius
728 481 816 535 errat
832 491 836 512 ¹

68 563 225 640 Dentibus
240 596 247 638 :
264 569 392 639 insedit.
404 569 499 663 nigra
517 571 645 642 cervice
664 586 875 664 gementum,

72 672 107 744 Et
118 677 218 745 fixum
233 679 307 745 Dea
322 689 456 768 quassat
473 675 571 762 ebur,
585 677 782 770 penitusque
801 684 946 748 cruentis

74 782 226 877 Stirpibus
247 781 368 859 avulsis
390 779 521 875 patulos
537 797 687 851 exarmat
705 784 824 854 hiatus.

10 954 13 967 ,
71 890 155 983 lpsos
174 888 369 983 quinetiam
387 887 484 959 nobis
503 887 662 961 miracula
682 887 780 958 vellet

68 998 214 1081 Ducere,
231 994 289 1063 sed
305 995 399 1087 pigra
414 996 563 1062 cunctari
579 994 666 1062 mole
683 1011 824 1064 veretur.
1085 1031 1122 1071 35⁵

64 1102 248 1194 Tyrrhenas
266 1100 364 1168 foetus
387 1099 539 1192 Libycos.
551 1100 701 1194 amplexa
721 1102 903 1195 parandas

62 1207 207 1277 Classica
227 1206 326 1275 turba
346 1220 442 1273 sonat
456 1232 466 1292 3
482 1206 686 1300 caudamque
708 1232 727 1275 a
745 1233 858 1303 puppe
876 1223 1071 1304 retorquens

59 1317 100 1381 In
121 1337 257 1406 proram
279 1313 357 1405 jacit
375 1336 479 1404 usque
500 1311 560 1380 len.
575 1315 639 1381 Vix
661 1313 810 1382 sublevat
825 1339 937 1383 unum·

58 1419 169 1487 Tarda
192 1420 290 1487 ratis:
307 1417 458 1486 fremitus
478 1420 602 1511 stagnis
624 1419 758 1487 auditur
778 1422 812 1488 in
830 1422 923 1501 imis,

58 1528 260 1619 Cunctaque
277 1523 453 1617 prosiliunt
473 1538 561 1610 cete3
575 1539 769 1618 terrenaque
784 1528 913 1595 Nereus
1090 1563 1127 1601 ³⁶0

56 1631 203 1701 Confert
219 1645 369 1703 monstra
390 1632 480 1714 suis,
499 1645 532 1698 et
552 1655 619 1699 non
632 1656 768 1724 aequare
787 1631 917 1700 fatetur.

56 1741 207 1832 AEquora
225 1739 272 1806 sic
292 1739 402 1804 vietor
418 1738 547 1829 quoties
568 1761 628 1830 per
646 1737 746 1804 rubra
768 1741 886 1831 Lyaeus

55 1845 222 1939 Navigat,
241 1846 410 1936 intorquet
430 1841 561 1912 clavum
582 1842 727 1929 Silenus,
750 1859 783 1913 et
804 1869 896 1913 aeres

56 1950 223 2019 Insudant
241 1951 344 2021 tonsis
362 1949 489 2041 Satyri,
509 1949 704 2043 taurinaque
723 1949 819 2044 pulsu

56 2170 176 2240 phantos
184 2180 331 2221 exarmatos
342 2167 445 2236 stupori
458 2184 514 2218 esse
526 2167 572 2217 In·

56 2248 245 2301 disomnibus:
256 2245 361 2299 sedhaec
366 2245 458 2298 sentiri
465 2244 572 2308 debent,

55 2348 115 2380 non
124 2326 224 2379 doceri.
235 2357 276 2368 -
288 2326 405 2378 Omnibus
414 2325 486 2395 vulg.
498 2328 574 2376 amni·

56 2409 121 2470 bus,
141 2407 279 2461 Claverius
297 2417 324 2456 et
338 2405 429 2456 Barth.
451 2423 482 2456 ex
496 2403 572 2454 MSS.

101 2487 168 2539 352.
184 2485 275 2538 Insidit
285 2485 359 2536 malit
367 2483 573 2536 Heius—Mira

56 2566 199 2638 phantasia
219 2565 307 2637 pingit
326 2564 440 2616 Dianam
456 2561 573 2615 insiden-

58 2659 117 2698 tem
131 2644 230 2698 oerviei
245 2643 410 2714 elephantis,
425 2653 452 2695 et
466 2642 573 2695 dentem

56 2725 218 2780 convulsum
232 2723 400 2794 eripientem.

108 2805 174 2857 353.
196 2802 317 2873 Stirpibas
346 2805 449 2852 crateritis
477 2803 573 2853 aradis.

60 2884 179 2937 Hensius
196 2882 294 2935 durum
314 2879 489 2933 ablativorum
510 2899 574 2933 eon·

60 2982 171 3017 cursum
186 2964 337 3033 vituperat,
353 2973 380 3013 et
392 2961 491 3025 avulso,
504 2960 574 3012 scili·

58 3057 103 3096 cet
113 3043 198 3105 ebore,
209 3039 353 3111 legendum
368 3039 484 3112 conjicit.
496 3040 547 3092 En.

103 3121 170 3175 355.
188 3120 303 3173 Canatari
315 3131 426 3182 veretur,
442 3138 497 3170 non
514 3119 575 3171 satis

58 3214 215 3256 constanter
232 3197 379 3251 mentiendi
392 3211 511 3251 tenorem
524 3217 577 3250 ser·

58 3300 120 3345 vas,
135 3278 238 3333 Claudi.
258 3277 332 3343 Quid
350 3279 421 3330 enim
436 3290 497 3348 post
510 3278 572 3330 reli-

58 3380 113 3432 qna
127 3359 254 3412 miracula
269 3357 379 3411 difficile
396 3358 447 3424 fuit
464 3356 575 3410 Dianae?

59 3438 116 3494 Sed
132 3457 209 3492 causa
220 3438 292 3490 latua
303 3438 383 3490 etiam
398 3455 413 3489 a
428 3436 491 3489 dolo
504 3438 574 3488 malo

59 3531 169 3572 excusat
182 3529 297 3589 poetam.

104 3597 171 3651 356.
183 3597 266 3649 Faetus
280 3597 397 3668 Libycos,
409 3595 436 3647 h.
449 3613 471 3647 e.
488 3597 577 3647 leones

61 3691 90 3731 et
108 3677 173 3728 alius
191 3677 328 3729 Africanas
339 3673 409 3745 (quo
427 3675 535 3726 nomine
546 3673 578 3726 ti·

60 3777 124 3828 gres
137 3774 257 3826 quoque,
267 3769 293 3807 et
308 3753 417 3824 pardos,
427 3766 452 3805 et
465 3752 577 3825 panthe-

61 3855 122 3901 ras,
138 3849 164 3887 et
173 3833 312 3906 leopardos
323 3834 462 3903 complecti
475 3829 576 3893 solent)

61 3915 204 3984 complexa,
217 3928 305 3985 captas
322 3926 347 3965 et
357 3914 457 3965 vinctas
468 3924 576 3975 tenens,

63 3994 140 4045 turba
152 3995 248 4046 classica
261 3993 369 4047 navium
382 4005 408 4044 et
420 4003 576 4052 nautarum,

616 2179 665 2218 etc.
673 2167 828 2230 —Adniaa
839 2169 940 2230 advena,
950 2171 1080 2239 complexa,
1087 2175 1131 2223 ad·

616 2264 677 2296 nexa
692 2245 766 2298 MSS.
780 2246 916 2300 Excidisse
933 2267 1040 2301 versum
1058 2255 1129 2324 conj.

617 2325 708 2377 Heius.

658 2404 722 2472 357.
738 2403 845 2467 Classis,
861 2405 891 2456 it.
908 2407 988 2458 classi.
1003 2407 1077 2460 MSS.
1089 2433 1128 2446 -

618 2483 672 2534 Aut
689 2483 810 2534 immanis
830 2484 907 2534 molis
923 2485 981 2548 leo,
1003 2499 1049 2538 aut
1067 2509 1129 2559 par-

616 2580 680 2613 vum
701 2579 860 2631 navigium:
889 2575 987 2616 retorta
1010 2566 1089 2619 etiam
1114 2589 1130 2623 a

617 2659 709 2712 puppe
728 2640 826 2705 cauda,
848 2654 936 2694 tamen
959 2645 1046 2714 capite
1064 2666 1129 2717 pro·

616 2739 673 2772 ram
692 2721 804 2790 attingit.
820 2721 1005 2790 prodigialiter
1019 2739 1130 2796 augetur

617 2799 790 2870 magnitudo,
816 2801 838 2853 si
862 2800 937 2854 dedit
958 2817 1037 2873 poeta
1056 2809 1130 2875 jacit.

617 2879 660 2931 Sic
671 2880 743 2931 enim
757 2880 877 2950 corporis
891 2882 975 2951 ipsius
990 2884 1129 2955 longitudo

618 2960 732 3030 aequabit
746 2959 852 3024 navim,
870 2980 949 3031 quam
968 2975 1041 3015 retro
1052 2968 1129 3036 quasi

617 3040 756 3091 emetietur
762 3038 854 3092 cauda.
861 3041 919 3093 Etsi
927 3060 991 3093 vero
1000 3045 1070 3095 bene
1080 3065 1130 3097 no·

617 3131 673 3170 tum
688 3137 767 3189 quam
774 3119 809 3171 sit
816 3119 913 3172 Noster
920 3124 1128 3191 exaggerationis

618 3216 720 3263 amans,
735 3198 854 3268 reliqua,
868 3211 957 3251 tamen
971 3201 1048 3254 nimis
1065 3217 1129 3256 sunt

617 3275 778 3346 ὑπερὲολικά,
787 3290 813 3330 et
824 3277 893 3328 ultra
902 3281 930 3330 τὸ
941 3280 1039 3332 πιθανόν
1049 3283 1129 3347 elata,

618 3357 1130 3427 eamqueipsamobcausamplacereso·

618 3436 683 3487 briis
694 3436 738 3488 vix
749 3454 778 3487 ae
787 3453 822 3486 ne
832 3434 877 3486 vix
887 3435 997 3506 quidem
1010 3455 1129 3510 possunt,

661 3514 727 3568 358.
739 3515 808 3566 lacit
815 3514 892 3566 MSS.
903 3517 985 3585 jacet,
999 3518 1051 3571 alii.

661 3592 728 3662 359.
753 3595 837 3645 Tarda
861 3598 941 3646 ratis:
961 3598 1034 3666 quasi
1056 3602 1130 3653 navis

620 3685 714 3724 onusta
732 3693 787 3725 uno
799 3685 903 3725 tantum
920 3676 998 3727 leone
1011 3677 1057 3730 liat
1076 3692 1130 3733 tar-

621 3751 698 3816 dior;
717 3751 746 3804 id
761 3752 834 3824 quod
850 3753 951 3806 indicat
969 3758 1130 3826 magnitudi-

620 3850 682 3883 nem
690 3836 746 3901 ejus
759 3845 949 3903 portentosam.

663 3911 727 3964 361.
744 3912 794 3964 Sed
803 3932 851 3964 non
861 3913 931 3982 vulg.
944 3915 1014 3966 malo
1023 3952 1030 3978 ‚
1039 3929 1064 3966 et
1071 3936 1129 3971 eon.

664 3992 730 4053 364.
746 3988 876 4043 Absudant
894 3993 925 4042 al.
941 3993 1043 4045 Claver.
1060 3996 1131 4049 Insa-

934 4097 974 4168 3.
