2654 4830
133 338 156 406 8
376 337 450 405 CL.
480 333 785 403 CLAUDIANI
812 337 959 404 XXIV.

130 469 176 534 Et
197 480 310 562 gentes
332 478 469 559 cuperet
485 461 587 558 vulgo
608 478 794 532 monstrare
815 465 989 549 subactas;
1177 493 1198 532 u

131 576 308 642 Certarcnt
326 585 468 665 utroque
488 595 584 664 pares
606 593 625 637 a
646 570 779 638 cardine
797 569 919 640 laurus.
1006 607 1010 617 ·

131 682 213 747 Jtaec
227 676 464 747 Alamanorum
483 676 611 771 spoliis,
624 675 830 747 Australibus
848 676 904 745 illa
983 714 984 719 κ

132 785 245 853 Ditior
262 785 409 853 exuviis:
425 782 514 852 illinc
534 778 675 851 flavente
695 783 856 851 Sicambri

133 892 290 977 Caesarie,
306 891 408 983 nigris
421 890 499 958 hinc
516 890 627 957 Mauri
642 889 787 957 crinibus
804 889 898 958 irent.

131 998 210 1092 Ipse
230 995 312 1066 albis
330 997 507 1064 veheretur
523 997 633 1089 equis;
650 1019 852 1089 currumque
869 1010 1001 1064 secutus
1178 1036 1203 1061 ιιι

134 1104 372 1198 Laurigmum,
387 1101 470 1171 festo
488 1100 674 1170 fremuisset
690 1102 836 1170 carmine
852 1100 954 1170 miles.

134 1210 179 1276 Hi
196 1206 337 1277 famulos
353 1208 523 1276 traherent
538 1231 632 1302 reges
646 1233 656 1294 3
669 1206 706 1274 hi
721 1206 808 1276 facta
823 1207 956 1276 metallo

136 1314 290 1409 Oppida,
303 1313 355 1382 vel
377 1329 506 1408 montes
523 1315 717 1407 captivaque
733 1313 869 1380 flumina
888 1313 1021 1382 ferrent.

135 1422 222 1489 Hinc
238 1420 355 1514 Libyci
370 1420 482 1490 fractis
499 1419 650 1514 lugerent
667 1419 823 1488 cornibus
841 1444 955 1488 amnes
970 1446 979 1504 3

135 1526 217 1594 Inde
239 1541 391 1596 catenato
413 1540 560 1621 gemeret
582 1526 761 1594 Germania
781 1525 910 1594 Rheno.

135 1631 200 1704 sed
219 1657 289 1701 non
306 1631 502 1702 immodicus
521 1633 647 1726 proprii
658 1631 802 1723 jactator
818 1631 955 1700 honoris
1020 1662 1034 1681 ·-

136 1736 283 1823 Consul,
297 1741 425 1826 Roma,
439 1753 515 1806 tuus
531 1764 538 1804 :
554 1762 623 1806 non
640 1735 732 1804 illum
753 1739 887 1830 praemia
903 1750 1051 1823 tantum,

134 1828 248 1932 Quam
267 1843 361 1912 labor
382 1845 452 1939 ipse
468 1843 585 1936 juvat:
601 1844 758 1936 strepitus
777 1841 902 1912 fastidit
918 1845 1050 1928 inarum,

51 1944 60 1959 Ἀ
135 1953 243 2044 Inque
260 1951 377 2018 animis
392 1950 566 2018 hominum
582 1972 707 2042 pompa
724 1947 860 2017 meliore
877 1949 1071 2043 triumphat.

137 2058 216 2126 Non
237 2055 338 2123 alium
357 2069 447 2124 certe
464 2058 624 2124 Romanae
637 2053 759 2154 clarius
775 2079 868 2125 arces

183 2255 372 2310 reuertamur.
382 2256 465 2308 Velut
473 2254 544 2307 inter
554 2273 581 2307 se
593 2255 649 2306 lau·
734 2260 780 2316 ²4·
805 2255 838 2306 In
863 2255 969 2307 ferculis
995 2255 1204 2327 triumphalibus

138 2353 184 2388 rus
195 2336 346 2389 rictoriaeve
361 2333 573 2400 contendissent,
588 2345 650 2386 utra
692 2333 1205 2406 suntllumiuasubimagineGigantum²

139 2428 206 2469 esset
227 2414 367 2487 pulchrior
389 2427 416 2468 et
441 2413 588 2486 gloriosior.
608 2444 649 2459 -
692 2430 753 2465 cum
779 2415 909 2485 capitibus
935 2414 1061 2477 bubulis,
1084 2417 1204 2469 cornutis

141 2493 279 2547 Certussent
296 2494 372 2548 MSS,
386 2526 427 2538 —
445 2495 550 2565 Utroque
563 2514 579 2546 a
594 2513 649 2545 car·
693 2507 777 2546 certe:
782 2496 868 2560 fracto
876 2513 965 2545 cornua
974 2495 1044 2547 vires
1053 2494 1149 2548 fractas
1158 2515 1204 2548 an·

139 2573 232 2637 dirim
246 2575 447 2645 septentrionali
456 2575 649 2645 plagaetame·
692 2573 839 2642 tiquissimo
856 2574 978 2642 symbolo
995 2573 1123 2628 indicant.
1140 2577 1204 2630 cor·-

110 2704 113 2710 ,
138 2652 264 2706 ridionali
283 2655 379 2707 licebat
400 2666 490 2724 petere
512 2654 650 2706 materiam
692 2665 773 2704 nutos
793 2651 823 2704 id
842 2671 923 2723 genus
945 2652 1040 2705 fluvios
1063 2656 1162 2725 passim
1176 2657 1204 2707 in

139 2732 650 2804 triumphi3cujushicvelutimaginem
692 2732 808 2784 nummis
831 2730 924 2784 videre
949 2746 1006 2798 est,
1031 2751 1056 2786 v.
1082 2753 1107 2806 g.
1134 2733 1204 2806 apud

141 2813 272 2883 proponit
281 2811 526 2878 Claudianus,cum
536 2812 649 2882 antiquis
692 2810 790 2882 Spanh2
808 2811 876 2865 Diss.
890 2812 959 2875 VII,
975 2831 1002 2889 p,
1019 2812 1085 2880 394.
1095 2816 1205 2868 Dictum

141 2890 234 2944 Ovidii
253 2905 280 2944 et
299 2892 465 2962 optimorum
485 2909 650 2963 quorumque
692 2888 726 2942 de
739 2911 769 2944 ea
779 2910 809 2943 re
821 2883 849 2943 in
861 2892 1014 2957 Thesauro,
1027 2904 1054 2944 et
1064 2894 1138 2948 alias.

140 2969 362 3044 descriptionibus
379 2972 590 3025 convenientem.
735 2971 1108 3026 28.Labor‚Virtuscumvero
1114 2975 1205 3027 labore

184 3053 228 3105 18.
246 3050 381 3104 Sicambros
396 3047 599 3122 (Sygambros)
613 3051 650 3104 sic
692 3054 843 3122 conjuncta.
869 3080 908 3094 --
936 3051 1063 3122 Strepitus.
1093 3052 1205 3107 Fastidit

140 3130 221 3203 etiam
234 3133 318 3202 signat
330 3131 438 3196 XXVI,
454 3137 519 3199 419.
692 3133 818 3202 strepitus
838 3130 928 3194 famae,
942 3132 1049 3201 glorie,
1063 3152 1134 3186 auree
1155 3153 1205 3206 po·

183 3228 229 3265 at.
246 3211 398 3262 Fremuisset.
413 3212 514 3281 Aptum
538 3212 650 3263 verbum
692 3211 809 3280 puluis,
827 3228 979 3263 sermonum
992 3212 1075 3282 vulgi.
1090 3262 1093 3270 ,

142 3289 251 3355 clamori
265 3309 348 3345 rauco
369 3289 559 3361 inconditoque
579 3290 649 3342 mili·
728 3309 772 3358 ²9·
782 3292 813 3342 In
821 3293 915 3343 animis.
923 3291 1028 3343 Mavult
1040 3292 1205 3364 triumphare

140 3380 198 3425 mm
207 3370 393 3440 exprimendo,
401 3371 449 3442 qui
460 3369 494 3422 de
504 3389 650 3441 equorum,
693 3369 720 3420 in
730 3370 873 3422 hominum
888 3371 996 3434 animis,
1014 3390 1081 3442 quos
1092 3370 1205 3436 devicit,

138 3441 301 3520 leonumque
309 3449 417 3503 fremitu
431 3449 533 3526 ¹aliquid
546 3451 650 3502 trahere
693 3450 824 3522 simulque
838 3449 960 3503 devinxit
981 3451 1031 3503 sibi
1049 3470 1156 3518 amore,
1180 3465 1206 3505 et

140 3529 215 3582 solet.
228 3543 268 3571 -·
277 3530 351 3583 Festo
366 3534 476 3582 carmine.
487 3531 649 3583 Acclamatio
692 3548 736 3580 om
741 3530 769 3581 ni
783 3548 879 3600 genere
891 3531 1206 3586 virtutum—Tiberius

139 3608 263 3670 solemnis
290 3621 371 3677 erat,
397 3611 426 3661 Io
459 3611 603 3680 triumphe!
626 3614 650 3662 io
693 3608 1206 3679 apudTacit.Ann.IV‚31:«Haecmi-

139 3689 270 3758 triumphe!
692 3688 721 3740 hi
733 3689 761 3740 iu
772 3689 866 3743 animis
874 3690 968 3742 vestris
976 3691 1088 3760 templa,
1099 3691 1142 3743 hae
1150 3692 1206 3763 pul·

182 3787 227 3836 aa.
248 3769 327 3833 Foeta
341 3768 444 3822 meetallo.
458 3767 588 3838 Imagines
603 3787 649 3820 ur·
694 3768 939 3840 cherrimoeeffigies
950 3782 977 3821 et
989 3788 1128 3824 mansurae.
1137 3771 1206 3824 Nam

138 3841 417 3913 bium'devictarum‚
436 3849 584 3911 montium,
598 3847 648 3900 flu·
693 3866 751 3920 quse
771 3867 833 3902 saxo
855 3861 1012 3909 struuntur,
1033 3849 1055 3901 si
1074 3849 1206 3921 judicium

138 3928 254 3993 minum,
271 3927 299 3979 iu
318 3927 457 3999 triumpho
471 3928 645 3998 prefereban·
689 3941 858 3999 posterorum
879 3930 905 3981 in
925 3927 1017 3982 odium
1034 3931 1132 3995 vertit,
1156 3950 1210 4002 pro.

138 4021 189 4062 tur.
199 4008 312 4081 -Ficta
323 4007 493 4087 malitlleins.
504 4007 645 4084 metallisal.
689 4009 816 4078 sepulcris
831 4021 1001 4079 spernuntur.
1016 4035 1027 4055 »ι
