2654 4830
246 345 312 411 DE
339 342 479 413 CONS.
509 345 722 412 STILICH.
750 346 842 413 LIB.
870 347 939 413 111.
1105 375 1123 442 7

64 480 282 545 Dinumerare
302 478 382 560 vire,
396 477 533 568 visoque
551 499 723 568 assurgere
741 500 870 570 semper

19 619 24 631 =
64 583 200 651 Pulvere
217 609 228 668 ς
246 608 313 650 non
330 582 437 650 dubiis
454 581 541 649 ultra
560 582 757 675 torquebere
776 584 871 652 votis.

62 693 162 758 Totus
183 687 277 757 adest
295 688 418 775 oculis,
433 688 547 756 aderat
568 689 624 782 qui
646 689 811 758 mentibus
831 688 929 774 olim,

63 798 127 890 Spe
145 794 268 887 major,
285 794 372 862 fama
391 794 529 863 melior:
545 818 703 863 venerare
721 795 886 883 curulem,

63 903 146 990 Quae
163 901 223 968 tibi
242 902 384 968 restituit
402 899 521 985 fasces3
537 901 758 995 complectere
774 903 942 988 dextram,

63 1008 129 1076 Sub
146 1007 228 1101 juga
249 1026 322 1101 quae
340 1009 459 1076 Poenos
478 1010 598 1076 iterum
619 1008 770 1076 Romana
790 1009 925 1104 redegit.

64 1115 188 1206 Excipe
206 1114 455 1208 magnanimum
471 1127 602 1208 pectus,
616 1138 683 1207 quo
701 1113 793 1182 frena
809 1130 970 1210 reguntur

65 1221 215 1313 Imperii,
235 1221 328 1312 cujus
349 1219 487 1288 libratur
505 1220 654 1288 sensibus
674 1221 773 1290 orbis.

66 1327 111 1392 Os
130 1349 278 1411 sacrum,
294 1325 384 1418 quod
405 1328 438 1394 in
461 1351 525 1394 aere
547 1325 647 1409 colis,
664 1329 794 1396 miraris
812 1330 845 1395 in
864 1351 963 1413 auro,
1040 1364 1047 1376 =

65 1434 173 1499 Cerne
198 1431 326 1501 libens:
345 1433 399 1500 hic
418 1447 468 1500 est
487 1431 564 1502 felix
586 1431 725 1502 bellator
743 1434 884 1526 ubique,
950 1498 954 1507 .

66 1537 230 1607 Defensor
248 1538 377 1631 Libyae,
394 1539 503 1606 Rheni
519 1553 656 1632 pacator
674 1554 708 1606 et
725 1541 810 1607 latri.

49 1660 59 1672 “
118 1646 297 1714 Ostentare
319 1669 396 1714 suos
415 1647 524 1738 prisco
544 1645 571 1714 si
589 1670 682 1712 more
702 1643 847 1730 labores,

105 1853 132 1916 3,
142 1859 167 1915 4.
181 1854 338 1904 Dinumerare
348 1867 374 1905 et
387 1853 456 1906 inter
467 1872 494 1905 se
506 1871 576 1905 com·
661 1855 687 1905 8.
705 1853 800 1906 Puoos.
812 1852 957 1907 Gildonem
971 1867 997 1907 et
1008 1855 1115 1909 Mauros
1130 1895 1138 1920 ,

66 1949 157 2001 parare
165 1931 230 1984 hinc
238 1932 462 2003 vitespatia,binc
473 1945 576 2002 tempo·
620 1932 716 2002 quihus
729 1931 852 1996 devictis,
861 1945 901 1986 est
909 1936 1027 2002 Defensor
1035 1936 1128 2009 Liby-se,

67 2009 116 2075 ris,
129 2012 233 2074 solent,
251 2013 297 2082 qui
312 2011 456 2064 adventurn
469 2010 577 2063 alterius
620 2011 671 2062 hoc
685 2023 737 2077 est,
750 2011 872 2065 liberavit
884 2014 1013 2083 Libyam,
1032 2029 1058 2067 et
1073 2034 1129 2068 eam

68 2088 162 2161 cupide
184 2104 360 2161 exspectant:
384 2103 487 2143 tantum
509 2092 577 2155 vin,
620 2089 736 2159 restituit
756 2092 881 2144 Romanis
904 2090 939 2146 ad
963 2094 1129 2147 frumentum

68 2169 158 2236 aiunt,
178 2171 231 2223 hoc
251 2171 337 2242 spatio
359 2171 460 2224 absolvi
480 2182 576 2240 potest.
620 2168 855 2241 suppeditandum.
897 2184 900 2191 '

69 2248 95 2301 si
104 2248 292 2303 decembribus
301 2249 389 2303 idibus
400 2251 444 2305 ille
453 2251 486 2302 ab
494 2251 578 2313 urbe,
668 2267 712 2303 ro.
724 2251 1005 2322 Libraturimperium,
1019 2267 1045 2307 et
1056 2255 1130 2306 velut

69 2329 178 2394 viailla,
193 2330 578 2401 profectusest,potestintra
620 2330 648 2381 in
671 2330 819 2401 aequilibrio
842 2344 975 2395 servatur,
997 2351 1031 2385 ne
1050 2334 1130 2386 nimis

69 2408 115 2465 hos
131 2423 186 2463 tres
204 2408 261 2463 dies
274 2409 380 2474 adesse,
400 2423 453 2463 etc.
466 2442 505 2451 -
521 2409 579 2460 Viso
621 2409 649 2461 in
662 2409 814 2462 alterutram
825 2423 928 2480 partem
937 2411 1131 2482 pendeat,sen-

67 2491 180 2559 pulvere,
198 2488 270 2561 quod
283 2490 361 2542 fallax
375 2488 521 2542 admodum
536 2506 579 2559 ag·
621 2488 700 2550 sibus,
715 2489 744 2540 h.
759 2508 782 2540 e.
797 2491 925 2560 sapientia
943 2503 970 2544 et
986 2491 1130 2562 prudentia

70 2572 147 2625 minis
164 2570 295 2624 indicium
311 2582 366 2622 est:
388 2569 459 2623 conf.
482 2569 579 2631 XXII,
622 2567 783 2620 Stilichonis.

72 2653 137 2722 ³98.
150 2685 192 2694 -
205 2653 340 2719 Assurgere
354 2649 399 2701 hic
413 2647 536 2702 nondum
547 2645 581 2700 ad
667 2666 709 2700 11.
718 2649 758 2700 De
764 2649 856 2701 statuis
865 2650 943 2702 oeueis
953 2663 980 2703 et
989 2653 1132 2720 inauratis,

71 2732 247 2789 reverentiam
257 2727 477 2802 significandum,
492 2725 580 2799 sadad
624 2728 692 2781 forte
706 2729 785 2781 etiam
809 2726 843 2780 de
862 2728 963 2801 clypeis
987 2731 1132 2803 imaginum

72 2813 230 2866 alacritatem
238 2805 581 2880 obviamprocedendiper·
623 2808 768 2879 loquitur:
793 2810 908 2863 nummis
932 2811 1004 2864 euim
1033 2814 1133 2866 cultam

73 2892 145 2944 tinet.
160 2923 201 2935 —
214 2891 295 2943 Mora·
307 2889 382 2943 MSS.
395 2908 455 2960 pro,
463 2892 521 2941 ota.
624 2888 666 2942 vel
677 2887 844 2953 Stilichonis,
858 2890 901 2943 vel
912 2893 1068 2962 cujusquam
1080 2894 1134 2964 pri·

112 2975 139 3024 6.
158 2971 342 3024 Pulcherrima
358 2969 583 3040 exaggeratis·
625 2967 693 3031 vati,
707 2968 865 3021 memoriam
887 2971 937 3023 sub
956 2970 998 3023 his
1015 2974 1134 3043 Impera·

74 3051 130 3122 Spes
147 3063 175 3105 et
182 3054 255 3118 sensa
266 3050 364 3103 similes
372 3049 442 3114 illis,
455 3065 583 3119 quaere
626 3047 728 3100 toribus
755 3066 809 3101 non
828 3060 935 3119 potest,
960 3063 1041 3121 puto,
1070 3071 1134 3122 pro·

75 3131 250 3202 microscopia
268 3143 413 3193 vocantur,
430 3147 486 3181 rem
504 3125 583 3179 mini·
625 3128 691 3180 bari.

75 3208 583 3282 maminsigniteraugentibus.Hmcea·
671 3225 713 3259 12.
730 3208 781 3259 Pro
801 3220 823 3258 te
843 3208 944 3259 belbztor
967 3211 1026 3262 Bas.
1051 3229 1133 3282 marg.

75 3294 239 3360 spectationem
251 3309 348 3360 grauem
361 3290 520 3342 adversariam
537 3305 584 3339 vo·
624 3298 748 3356 pragmator
756 3287 817 3358 Cuj.
825 3307 872 3357 pro
888 3299 910 3338 te
923 3290 964 3358 qui
975 3289 1050 3341 bellat
1057 3290 1133 3344 MSS.

76 3384 116 3424 cat
126 3371 244 3434 Tullius,
260 3389 340 3441 quam
353 3388 463 3440 superare
476 3366 585 3420 difficile
671 3367 838 3419 13.Pacat0r.
849 3366 960 3420 Stilicho
970 3369 1086 3425 Danubii
1094 3388 1137 3424 aa·

77 3464 130 3512 est,
145 3451 218 3504 Fam.
232 3450 276 3514 II,
293 3457 366 3513 4.-
380 3446 585 3502 Corolem.Con·
628 3447 697 3500 colas
719 3464 780 3498 cum
802 3443 955 3499 Theodosio
971 3451 1081 3519 pacavit.
1098 3482 1138 3492 —

77 3530 158 3583 sulem
171 3530 200 3582 in
216 3529 319 3594 curuli,
332 3548 377 3583 seu
395 3528 458 3582 sella
469 3528 585 3580 eburnea
630 3525 816 3578 CalcatorVic.
836 3526 915 3578 Vien.
932 3528 989 3581 Bas.
1006 3547 1087 3600 marg.

77 3608 217 3663 sedentem.
230 3610 586 3680 Continensprocontento,
673 3611 716 3666 τά.
735 3603 761 3657 Si
776 3605 942 3677 triumphum
956 3609 1068 3679 antiquo
1081 3610 1139 3662 ritu

77 3690 281 3762 metonymicas.
631 3703 707 3754 agere
729 3686 864 3756 placeret:
888 3704 984 3757 nempe
1009 3689 1141 3760 triumphi

117 3789 143 3838 7.
164 3772 280 3822 Restituit
289 3771 371 3835 fasces
390 3769 418 3820 in
438 3768 586 3827 honorem,
630 3764 760 3817 bonorem
774 3765 883 3835 privatis
897 3784 952 3821 non
971 3765 1142 3821 indulserunt

80 3868 143 3918 quos
167 3850 322 3920 polluerat,
347 3850 496 3915 abjecerat,
521 3863 586 3898 con·
631 3844 815 3915 Imperatores.
828 3847 965 3917 -Prs'sco
979 3866 1058 3909 more;
1073 3847 1141 3901 scili·

80 3928 219 3983 culcandos
236 3931 402 4000 prebuerat,
424 3924 488 3980 dum
509 3924 586 3994 gessit
632 3937 674 3978 cet
688 3925 879 3996 imperatorum
893 3924 964 3996 apud
975 3941 1076 3980 veteres
1090 3929 1142 3979 Ro·

82 4008 230 4079 Eutropius.
635 4023 726 4057 manos
740 4005 972 4075 triumphantium.

952 4101 996 4184 li·
