2654 4830
287 345 355 410 oa
382 327 531 412 cons.
560 344 785 412 salmon.
815 346 909 412 nm.
940 346 1013 412 111.
1164 370 1189 440 9

123 478 303 569 Suscepere
321 473 460 562 ducem,
475 500 537 544 nec
554 500 656 569 quum
672 475 809 544 cedente
823 476 946 545 rediret

124 582 292 650 Fabricius
312 582 536 675 Pyrrho,nec
556 607 658 675 quum
680 582 842 675 Capitolia
862 607 962 651 curru

124 686 248 756 Pellaeae
264 687 410 756 domitor
425 686 546 756 Paulus
564 687 800 757 conscenderet
818 687 908 758 aulae.

124 795 193 862 Nec
209 793 324 862 similis
341 795 451 862 Latias
469 794 626 887 patefecit
642 792 746 888 gloria
765 809 897 889 portas,

124 902 200 968 Post
215 899 378 970 Numidas
396 901 523 987 Mario,
536 914 612 994 post
631 898 765 969 classica
785 903 902 969 Martis
918 905 980 970 Eoi
1164 926 1190 965 ss
1290 927 1293 932 ·
1315 992 1320 1007 Δ

124 1007 282 1100 Pompeio
300 1033 308 1071 :
328 1005 410 1073 nulli
427 1030 504 1100 pars
522 1005 638 1075 aemula
656 1006 760 1074 defuit
779 1031 942 1101 unquam,

126 1113 207 1199 Quae
227 1113 337 1206 gravis
357 1111 563 1205 obstreperet
579 1112 709 1198 laudes,
722 1112 928 1207 stimulisque
946 1113 1096 1208 malignis

126 1221 222 1287 Facta
241 1218 450 1311 sequebatur,
469 1220 619 1314 quamvis
637 1220 798 1313 ingentia,
818 1218 921 1288 livor:

127 1323 221 1392 Solus
239 1324 294 1393 hic
316 1324 447 1394 invidiae
467 1325 549 1394 fines
570 1327 693 1393 virtute
710 1324 860 1418 reliquit,

126 1433 381 1524 Humanumque
399 1431 557 1519 modum;
575 1433 648 1525 quis
666 1431 756 1499 enim
774 1430 931 1501 livescere
949 1433 1070 1527 possit,
1159 1457 1186 1502 t·

126 1536 225 1624 Quod
243 1561 413 1630 nunquam
432 1552 571 1631 pereant
586 1536 711 1605 stellae?
725 1536 815 1631 quod
830 1538 959 1632 Jupiter
978 1537 1081 1606 altum
1204 1524 1213 1539 ⁶

125 1641 290 1711 Possideat
312 1642 428 1711 caelum
438 1640 453 1710 l
465 1643 555 1737 quod
566 1637 701 1711 ¹noverit
718 1645 830 1718 onmia
845 1642 1013 1713 Phoebus?

125 1750 182 1817 Est
196 1747 329 1842 aliquod
346 1750 455 1817 meriti
471 1751 631 1843 spatium,
646 1747 737 1842 quod
752 1747 842 1817 nulla
859 1749 997 1819 furentis

125 1855 258 1923 lnvidiae
276 1878 433 1934 mensura
452 1857 552 1949 capit.
574 1855 779 1923 Ductoribus
800 1854 862 1924 illis

126 1961 284 2040 Praeterea
303 1960 428 2030 divisus
446 1975 517 2029 erat
535 1960 653 2028 favor:
672 1963 796 2055 aequior
811 1960 865 2030 ille
1162 1985 1187 2031 tt

161 2163 206 2216 33.
223 2164 315 2216 Pellaea
331 2164 389 2215 aula
407 2162 571 2217 Macedoniae
589 2183 632 2216 re·
675 2164 781 2217 servilia
798 2165 946 2235 praesertim
963 2183 1095 2236 corpora,
1111 2163 1188 2217 dolo·

126 2262 199 2312 gum,
213 2241 285 2296 unde
300 2244 406 2295 Paliuris
413 2245 507 2313 juvenis
519 2244 632 2297 Alexan·
675 2261 718 2297 res
731 2257 758 2297 et
768 2245 916 2297 cruciatum
929 2245 1015 2298 affert.
1029 2245 1130 2298 Invidia
1142 2249 1187 2296 sti·

126 2321 178 2376 der,
201 2324 240 2376 M.
265 2322 388 2375 AEmilius
409 2323 506 2375 Paulus
526 2325 559 2375 ab
580 2324 634 2376 hoc
676 2323 740 2376 mulo
754 2325 824 2392 fodit
846 2325 925 2378 ctiam
948 2325 1065 2379 Saturnia
1085 2326 1187 2377 Petrum

126 2402 179 2474 ipsc
192 2403 332 2475 triumpho
344 2401 533 2456 Macedonicus
547 2401 633 2455 dictus
676 2415 763 2455 mentes
776 2402 847 2474 apud
860 2404 907 2460 sil.
923 2405 992 2469 VII,
1009 2405 1074 2459 512.

127 2495 169 2535 est,
717 2484 761 2550 39.
784 2484 858 2541 Fines
878 2485 975 2536 invidiae
994 2484 1122 2555 relinquit,
1140 2483 1187 2554 qui

164 2563 210 2624 34.
233 2564 324 2614 Portas
345 2563 446 2625 Latias,
472 2561 557 2633 qualis
577 2574 633 2614 erat
675 2561 754 2615 altius
779 2560 896 2616 ascendit
918 2565 1015 2628 virtute
1034 2575 1066 2629 et
1084 2562 1187 2634 gloria,

126 2641 401 2712 triumphalis-Romae,
410 2641 514 2713 ipsique
520 2661 632 2708 arcuum
675 2660 755 2713 quam
765 2662 819 2714 quo
831 2645 970 2714 pervenire
979 2642 1079 2696 invidia
1088 2642 1184 2715 possit3

126 2722 324 2793 triumphalium
337 2722 471 2786 transitus.
675 2723 722 2792 qui
735 2742 814 2794 supra
829 2722 957 2776 invidiam
969 2723 1071 2795 positus
1083 2735 1138 2786 est,
1155 2736 1186 2775 ut

163 2801 209 2855 35.
222 2803 253 2855 C.
265 2800 366 2855 Marius
380 2800 414 2854 de
428 2802 561 2872 iugurtha
578 2803 633 2854 No·
675 2803 753 2855 orbes
766 2803 888 2857 caelestes.

127 2881 256 2934 midarum
274 2900 349 2952 rege,
365 2881 508 2952 Pompeius
525 2880 559 2933 de
577 2882 631 2934 Mi·
717 2889 763 2945 do.
783 2885 902 2942 Liveseere
920 2886 1005 2953 possit.
1027 2882 1109 2935 Livor
1128 2901 1183 2934 non

128 2961 409 3032 tbridate,Tigrane,et
421 2960 525 3014 auxiliis
536 2963 631 3014 Orien·
675 2962 783 3033 attingit
805 2981 847 3017 res
875 2962 1018 3016 subductas
1043 2963 1184 3015 hominum

128 3041 351 3113 tistriumpbavit.
674 3042 837 3095 mortalitati.

162 3128 207 3193 37,
225 3122 315 3174 Etiam
328 3121 375 3193 qui
391 3121 454 3172 libri
469 3121 569 3172 habent
588 3120 631 3172 ob·
717 3128 763 3185 41.
778 3122 844 3179 Olim
851 3121 926 3177 MSS.
942 3141 992 3194 pro
1006 3123 1102 3175 Altum.

129 3211 236 3273 streperet
247 3201 327 3253 laudis
340 3212 464 3272 quartum
476 3219 565 3252 casum
574 3202 632 3272 plu·
717 3207 763 3264 ia,
782 3202 858 3256 Novit
876 3206 955 3254 omnia
977 3201 1082 3254 Phoebus
1104 3202 1183 3254 etiam

129 3280 183 3334 ralis
197 3281 306 3334 numeri
321 3280 448 3335 videntur
461 3281 585 3344 voluisse,
602 3295 632 3334 ut
674 3281 848 3346 Homericus,

130 3358 202 3415 ovid.
217 3362 284 3414 Met.
296 3361 350 3426 XI,
360 3363 393 3414 18
404 3379 411 3412 ε
426 3360 584 3430 Obstrepuere
592 3381 631 3413 so·
676 3401 683 3412 .
694 3363 741 3422 ..ὃς
752 3361 829 3420 πάντ’
838 3363 911 3432 ἐφορᾷ
922 3359 964 3413 καὶ
973 3363 1051 3414 πάντ’
1061 3363 1187 3426 lacteolis,

130 3442 229 3505 uos,vel
239 3460 323 3492 sonum
333 3441 442 3504 citharae,
451 3453 478 3492 et
489 3440 535 3492 Sil.
549 3442 631 3506 VIII,
675 3431 709 3494 Ῐλ.
731 3447 763 3503 Γ,
793 3461 856 3508 ²77·
883 3440 911 3492 Si
928 3441 1014 3493 ullum
1032 3461 1115 3512 genus
1142 3460 1186 3494 su·

134 3520 194 3574 251:
208 3521 359 3592 oblatratque
372 3532 479 3572 senatum
494 3538 518 3573 e.
534 3521 552 3572 i.
568 3541 593 3592 g.
607 3541 631 3574 a.
674 3521 838 3592 perstitionis
859 3519 1022 3592 indulgentia
1037 3541 1092 3574 non
1115 3519 1186 3573 indi·

131 3624 163 3640 -
171 3601 250 3653 Laudi
258 3601 330 3671 vulg.
346 3598 409 3653 inde
421 3619 436 3652 a
446 3601 523 3654 tunt.
541 3601 633 3652 Laudis
675 3619 757 3672 gnum
766 3599 884 3666 videtur,
894 3601 946 3653 hoc
955 3615 995 3654 est
1005 3621 1088 3673 quum
1099 3601 1185 3654 homi-

132 3674 182 3731 vic.
202 3678 319 3752 etquid
343 3679 418 3732 MSS.
440 3680 535 3733 Laudes
551 3681 631 3734 Vien.
675 3700 721 3733 nes
737 3681 825 3734 Solem
838 3681 973 3752 imaginati
987 3695 1048 3747 sunt
1066 3681 1185 3734 Oculum

132 3755 282 3812 tlldHeins,
301 3758 440 3811 aetMss.
455 3772 512 3830 opt,
675 3762 765 3814 omnia
776 3760 926 3825 videntem,
944 3762 1036 3815 fovens
1054 3761 1143 3813 omnia
1159 3773 1187 3813 ct

164 3838 206 3894 38,
221 3841 331 3892 Livorem
351 3839 414 3890 facit
433 3852 575 3906 tortorem,
591 3842 632 3894 vel
675 3860 803 3906 movens,
816 3855 843 3895 ct
857 3841 911 3900 vita
924 3861 1021 3913 augens
1035 3860 1144 3894 numen,

135 3919 270 3972 csmticem
283 3917 440 3990 quemdam,
455 3920 503 3990 qui
513 3922 629 3982 stimulis,
719 3928 763 3984 43.
781 3922 876 3974 Meritis
889 3924 959 3992 conj.
975 3921 1067 3974 Heius.

136 3995 190 4058 palis
207 4000 306 4067 acutis,
327 3997 442 4053 tundens
464 4013 491 4053 et
511 4019 631 4070 pungens
716 4000 761 4064 ⁴65.
777 4003 891 4055 Diversus
910 4002 999 4072 vulg.;
1018 4003 1113 4060 Divinas
1126 3999 1187 4051 Vic.
1236 4053 1237 4057 ,
