2654 4830
278 363 378 454 ut.
404 379 556 455 cous.
585 377 809 454 srtm'cu.
840 387 934 453 ctu.
964 387 1034 455 111.
1159 388 1201 486 '¹7

160 501 221 587 lata
239 517 325 606 solo,
343 512 528 612 fruiturque
545 519 684 605 iterum,
697 517 819 612 quibus
837 517 978 588 haeserat
993 516 1090 608 olim,

161 626 317 719 Auspiciis,
332 625 496 719 capitique
517 625 661 692 errantia
680 623 828 692 mamhra
846 626 985 718 reponit.

200 732 344 800 Proxime
364 722 414 799 dis
433 729 568 818 consul,
584 732 641 824 qui
658 744 757 798 tantae
772 730 933 824 prospicis
950 731 1045 818 urbi,
1167 750 1204 802 ts.

162 835 223 923 Qua
242 836 322 905 nihil
345 839 380 904 in
400 838 496 905 terris
517 835 748 931 'complectitur
768 834 864 903 altius
882 836 1010 923 aether3
1084 884 1087 897 ·

161 943 245 1034 Cujus
265 967 327 1011 nec
349 937 492 1038 spatium
514 943 624 1029 visus,
644 967 706 1011 nec
727 941 829 1010 corda
852 941 1027 1028 decorem,

160 1045 217 1117 Nee
236 1048 365 1118 laudem
389 1074 455 1116 vox
476 1047 544 1116 ulla
566 1051 676 1142 capit;
695 1057 768 1142 quae
788 1047 863 1116 luce
883 1047 1006 1116 metalli
1026 1096 1029 1101 ·

160 1151 269 1224 AEmula
291 1156 407 1224 vicinis
428 1154 556 1247 fastigia
577 1155 721 1222 conserit
737 1154 852 1241 astris;

160 1256 229 1344 Qua
248 1277 373 1357 septem
400 1259 543 1354 scopulis
563 1283 663 1328 zonas
685 1260 832 1328 imitatur
851 1258 1005 1355 Olympi,
1170 1267 1207 1332 sis

157 1466 333 1542 triumphantia
353 1471 411 1523 solo
441 1470 531 1523 natali.
545 1501 585 1511 --
602 1470 651 1521 Vs·
697 1468 768 1522 tatii
784 1470 818 1522 Et
831 1487 894 1521 sane
909 1471 1024 1523 Achilles
1035 1472 1128 1527 Tutius
1140 1474 1208 1548 Isag.

157 1550 228 1602 ctricia
238 1553 309 1604 Fata.
321 1551 388 1616 Quae
408 1551 461 1603 fata
476 1549 525 1602 etsi
547 1550 651 1603 statuis·
695 1549 724 1621 iu
738 1549 828 1601 Phaen.
840 1567 863 1602 c.
880 1550 948 1601 XVI
956 1569 999 1621 ‚p
1018 1551 1208 1617 135‚,D,me·

153 1638 286 1702 sentcaput
296 1630 403 1701 imperii
414 1647 520 1699 semper
530 1625 585 1681 ess'e
597 1629 651 1703 Ro·
695 1641 782 1680 morat
794 1627 871 1689 ζώνας
881 1627 948 1689 τινὰς
960 1628 1037 1696 ἑπτὰ,
1045 1627 1080 1682 dt’
1089 1625 1120 1684 ὧν
1128 1620 1206 1703 pipar-

152 1715 227 1774 111aut,
240 1707 437 1781 quodammodo
447 1708 517 1760 victa
527 1702 651 1772 fuissent,
695 1724 737 1759 cat
756 1709 777 1759 οἱ
794 1706 860 1760 ἔπτὰ
877 1709 987 1780 ἀστέρος.
1004 1709 1039 1762 Et
1052 1728 1076 1763 c.
1095 1710 1206 1778 XVIII,

149 1782 178 1835 Si
190 1791 332 1842 consulatus
345 1789 485 1842 translatus
501 1799 567 1840 esset
582 1787 668 1840 Com.
694 1806 721 1856 p.
743 1786 797 1839 138
811 1827 819 1852 ,
832 1788 876 1840 A:
892 1789 913 1840 οἱ
936 1789 1082 1860 ἀστρονόμοι
1103 1787 1207 1844 διδόασι

147 1869 389 1940 *trasumenum
404 1887 454 1938 per
473 1866 648 1920 Stilichonem
694 1866 772 1927 ζώνας
786 1873 834 1918 τῶν
851 1868 983 1924 πλανήτων
1000 1869 1124 1941 ἀστέρων,
1141 1873 1153 1922 ὁ
1175 1867 1205 1923 δὲ

143 1949 288 2006 Perfectum
305 1960 357 2013 est,
374 1960 405 2000 ut
409 1950 469 2015 sata
488 1947 542 1999 sint
564 1949 650 1997 uictri·
694 1945 798 1997 Πλάτων
817 1948 920 2018 σφαίρας
936 1942 997 2000 οἶνοι
1009 1951 1083 2018 λέγει.
1102 1950 1206 2022 Nempe

137 2028 200 2089 ‘esa’
215 2029 416 2099 consulatusque
429 2028 528 2080 haereat
540 2026 568 2077 in
584 2026 651 2077 urbe
693 2037 860 2077 astronomus
874 2027 947 2080 zonis
969 2039 1072 2080 tantum
1091 2030 1204 2100 quibus-

136 2091 240 2173 Roma,
250 2107 346 2160 iisdem
358 2106 498 2178 auspiciis,
512 2105 608 2176 quibus
621 2105 650 2156 in
694 2103 755 2156 dam
765 2123 833 2176 opus
839 2107 918 2158 hahet
927 2145 934 2170 ‚
943 2106 971 2157 in
983 2108 1080 2177 quibus
1090 2109 1204 2178 planetae

131 2186 273 2259 Principio
281 2188 439 2240 constitutus
446 2184 650 2238 est-Seducta
693 2197 866 2237 moveantur:
883 2186 958 2238 Plato
974 2197 1000 2238 et
1014 2188 1103 2240 caeteri
1116 2190 1202 2260 sphet-

127 2262 213 2338 'vulg
222 2268 266 2319 sed
271 2268 344 2319 ducta
352 2269 405 2336 jam
415 2267 488 2336 conj.
499 2265 590 2318 Barth.
692 2281 734 2316 ras
752 2275 820 2316 totas
839 2262 935 2317 solida's
954 2265 1070 2334 faciunt,
1091 2269 1203 2322 musicas

125 2415 130 2419 Ι
189 2365 249 2415 1²9·
273 2349 367 2416 Reponi
394 2345 504 2417 proprie.
523 2343 651 2398 dicuntur
692 2343 789 2396 caelesti
798 2344 1025 2415 aptioreh.Verum
1033 2347 1111 2399 etiam
1119 2366 1202 2412 zonae,

125 2427 259 2480 *membra
277 2428 377 2479 luxata.
692 2422 802 2474 solemni
834 2425 1044 2493 geographorum
1070 2426 1203 2496 significa·

187 2507 246 2560 131.
265 2507 385 2558 Breviter
401 2503 530 2557 Horatius
545 2502 651 2555 invocat
692 2502 765 2554 tione
778 2511 903 2573 acceptae,
915 2503 1029 2556 caelestes
1042 2517 1142 2570 motus,
1158 2526 1201 2558 so·

125 2574 241 2652 Solem,
249 2586 308 2639 Car.
318 2603 375 2637 saec.
387 2602 432 2637 11:
438 2583 587 2654 possisnilril
594 2582 652 2634 urbe
693 2580 725 2633 lis
741 2598 849 2646 cursus,
865 2579 1008 2635 definiunt.
1024 2585 1108 2637 Roma
1121 2584 1201 2639 dehet

124 2657 217 2717 Roma
232 2667 317 2717 Visere
328 2666 413 2733 majus.
693 2660 787 2731 imago,
798 2661 863 2732 quin
873 2660 1061 2732 compendium
1073 2683 1202 2729 esse‚non

189 2745 252 2798 133.
263 2747 304 2799 De
312 2745 363 2796 luce
371 2743 476 2806 metalli,
484 2742 502 2793 i.
511 2758 536 2794 e.
546 2760 612 2793 auro
619 2742 649 2792 in
691 2741 872 2811 planetarum,
886 2739 932 2793 sed
943 2739 1024 2794 lotius
1033 2744 1107 2796 orbis
1117 2757 1201 2798 terra-

131 2825 223 2876 tectis
238 2824 342 2878 dictum
351 2823 431 2894 paulo
447 2834 507 2874 ante
516 2819 549 2873 ad
563 2840 588 2873 ν.
602 2824 648 2874 66.
692 2838 763 2872 rum.
777 2821 836 2872 Iam
856 2819 1017 2873 Posidonius
1039 2822 1110 2895 apud
1129 2824 1202 2877 Stra·

185 2905 247 2968 134.
260 2905 354 2956 Vicinis
362 2906 434 2954 astris
445 2897 552 2953 videtur
560 2900 649 2952 altitu·
693 2900 807 2963 honem,
828 2901 870 2965 II,
893 2919 922 2970 p.
947 2901 1000 2965 65,
1025 2902 1078 2968 ts,
1099 2916 1200 2975 septem

128 2981 232 3037 (linem
247 2984 326 3036 simul
342 2995 368 3036 et
381 2983 511 3052 fulgorem
532 2981 565 3031 ah
584 2986 650 3032 auro
694 2998 773 3031 zonas
787 2979 867 3044 facit,
881 2979 933 3031 illis
948 2982 1068 3052 quinque
1082 2984 1199 3054 antiquis

127 3059 272 3116 lectorum
284 3063 396 3133 signare.
693 3057 758 3111 duas
764 3057 888 3130 adjiciens
895 3061 1067 3130 angustiores,
1074 3063 1109 3123 ei,
1119 3082 1200 3133 quam

185 3143 249 3198 135.
259 3144 345 3195 Zouas
355 3142 400 3194 hic
408 3152 494 3210 septem
504 3138 651 3210 ponit,qul
693 3137 821 3190 torridam
849 3150 966 3204 vocant,
995 3143 1201 3213 temperatisque

132 3228 229 3277 tamen
243 3224 301 3294 ipse
313 3239 481 3274 communem
492 3233 596 3272 secutus
611 3237 652 3270 ra·
693 3216 775 3283 adeo,
797 3219 924 3289 utrinque
943 3218 977 3270 ad
998 3222 1132 3290 tropicos,
1152 3222 1200 3293 qui

133 3299 651 3370 tioneminfra,XXXIIl,a58,quiuque
693 3297 794 3350 medias
815 3298 862 3349 has
881 3316 959 3350 zonas
979 3311 1088 3364 secant,
1108 3299 1200 3354 decer-

127 3384 226 3452 }›lagas
249 3377 363 3452 appellat
382 3399 412 3434 ac
428 3379 563 3432 describit.
577 3378 650 3429 Hau·
693 3391 769 3448 ptas:
782 3373 827 3428 tto
841 3377 915 3438 ἄλλοις
929 3376 1018 3438 στενὰς
1031 3377 1076 3439 τὰς
1088 3380 1135 3432 ὑπὸ
1150 3385 1202 3442 τοῖς

136 3462 249 3515 sitneex
259 3459 406 3531 Orphicis?
416 3460 495 3511 Certe
507 3458 553 3510 hic
562 3458 651 3522 etium,
692 3460 831 3528 τροπικοῖς,
851 3456 904 3508 καθ’
920 3458 948 3516 ἃς
964 3457 1039 3528 ἥμισύ
1053 3480 1107 3520 πως
1127 3462 1202 3531 μηνὸς

140 3539 223 3612 Hym.
235 3542 291 3604 VI,
305 3540 332 3604 8,
345 3539 440 3602 stellas,
455 3540 570 3606 ἀστέρος,
585 3537 651 3589 cele·
693 3535 758 3588 κατὰ
765 3535 865 3605 κορυφήν
874 3537 939 3589 ἐστιν
952 3538 963 3588 ὁ
975 3537 1055 3602 ἥλιος,
1066 3535 1128 3607 <liga
1138 3537 1204 3592 dtas·

136 3616 254 3673 ltmntur
262 3621 400 3689 incapacia
412 3617 488 3678 ζώνας
497 3616 647 3687 ἐρορώμενοι,
693 3617 809 3686 ρουμίνοος
823 3616 870 3667 ὑπὸ
886 3622 934 3667 τῶν
955 3624 1086 3686 τροπικῶν,
1102 3618 1205 3671 Eodem

139 3701 189 3770 qui
198 3700 339 3771 inspiciant
350 3717 429 3750 zonas
437 3696 603 3768 septemplici
611 3697 651 3748 lu·
694 3695 1204 3766 pertinetlocusGemini,l.c.c.XIII‚

144 3797 175 3831 ce
188 3778 334 3851 fulgentes?
345 3777 398 3831 Sed
411 3775 476 3848 quid
490 3777 511 3829 si
523 3777 564 3828 hae
577 3793 650 3826 zonae
694 3794 722 3844 p.
740 3776 792 3836 54,
810 3775 859 3844 qui
876 3775 1081 3828 Posidonianam
1096 3790 1204 3830 senten-

146 3858 267 3929 Orphica
285 3858 387 3928 pariter
404 3868 432 3909 et
443 3855 585 3910 Claudiani
599 3855 652 3906 sint
695 3855 759 3906 tiam
771 3867 831 3906 tum
843 3872 875 3905 ex
887 3855 997 3907 historia
1010 3856 1141 3920 illustrat,
1151 3857 1203 3908 Po-

149 3935 312 3992 Planetarum
335 3939 430 3997 orbes,
443 3937 504 4006 qui,
520 3948 550 3987 ut
564 3933 653 3986 zodia·
697 3934 771 4004 lybio
786 3933 931 4006 prasertim
948 3935 1066 4005 περὶτῆς
1088 3936 1143 4006 περὶ
1163 3938 1205 3987 τὸν

152 4032 208 4081 cus,
222 4030 329 4088 possent
341 4033 471 4069 zonarum
486 4015 568 4068 instar
583 4013 654 4084 cogi·
699 4015 832 4084 ἰσημερινὸν
842 4013 972 4080 οἰκήσεως,
980 4027 1039 4067 tum
1049 4033 1081 4066 ex
1091 4016 1209 4082 ratione,

202 4129 248 4194 II.
673 4164 676 4169 ·
1008 4148 1027 4189 a
