2654 4830
224 357 295 423 DE
324 355 476 425 CONS.
505 355 737 423 STILICH.
767 357 861 424 LIB.
889 359 965 426 III.
1077 358 1123 431 33

44 488 123 556 Per
143 502 267 556 terram
285 509 363 580 pars
383 484 482 553 ducta
502 486 601 568 rotis,
623 483 789 579 longoque
808 503 982 558 morantur

45 593 188 663 Ordine
206 590 353 687 plaustra
372 591 464 676 vias,
479 592 627 659 montani
645 590 742 685 plena
762 592 956 687 triumphi:‘

46 701 102 768 Et
122 699 193 767 fera
214 696 360 768 sollicitis
381 697 513 765 vehitur
534 697 664 790 captiva
684 697 854 790 juvencis,
1086 729 1125 768 ³30

47 803 223 899 Explebat
245 803 365 898 quibus
383 816 460 871 ante
482 802 629 870 famem:
650 803 842 896 quotiesque
861 805 973 875 reflexi

48 913 271 1004 Conspexere
292 909 411 995 boves,
427 907 537 1002 pavidi
558 922 691 976 temone
709 908 877 979 recedunt.

110 1020 252 1109 Jamque
273 1014 451 1110 pererratis
471 1013 585 1105 Libye
605 1012 820 1108 flagrantibus
840 1016 925 1103 oris,

52 1125 203 1216 Legerat
219 1121 357 1189 eximios
371 1118 488 1188 Phoebi
505 1142 662 1213 germana
680 1117 809 1204 leones,

54 1227 258 1322 Hesperidas
278 1226 334 1320 qui
355 1249 440 1320 saepe
460 1224 594 1319 fugant,
606 1239 771 1318 ventoque
789 1227 896 1296 citatis

56 1333 256 1403 Terrificant
274 1330 408 1400 Atlanta
423 1330 528 1424 jubis,
548 1345 763 1424 armentaque
782 1328 879 1427 longe

59 1440 201 1508 Vastant
218 1437 426 1532 AEthiopum,
441 1461 650 1530 quorumque
671 1438 806 1532 impune
826 1421 956 1532 fragosa

62 1545 233 1613 Murmura
254 1557 426 1638 pastorum
444 1566 613 1636 nunquam
633 1566 753 1610 venere
770 1568 830 1637 per
843 1568 949 1614 aures.
1009 1566 1011 1570 “

65 1649 139 1718 Non
154 1649 227 1721 illos
247 1648 340 1719 taedae
360 1647 529 1735 ardentes,
544 1673 613 1748 non
635 1662 737 1716 strata
755 1673 896 1743 superne

10 1744 13 1753 ’
70 1755 210 1848 Lapsuro
226 1753 371 1849 virgulta
390 1752 477 1840 solo,
498 1778 565 1822 non
582 1754 721 1823 vocibus
739 1754 825 1823 haedi

73 1858 233 1931 Pendentis
251 1858 419 1931 stimulata
437 1860 561 1946 fames,
576 1885 644 1927 non
663 1859 750 1928 fossa
767 1858 891 1929 fefellit.

76 1962 157 2035 Ultro
177 1993 213 2037 se
235 1965 371 2035 voluere
389 1968 482 2061 capi,
501 1965 709 2060 gaudentque
731 1966 835 2034 videri

78 2067 171 2143 Tanta
190 2071 302 2169 praeda
316 2076 407 2142 Deae.
426 2073 609 2166 Respirant,
622 2095 744 2165 pascua
765 2071 921 2141 tandem:
940 2091 943 2097 '

49 2350 51 2354 Α
80 2318 142 2360 onere
153 2322 179 2362 et
191 2309 267 2362 omni
279 2308 340 2373 illo,
355 2306 431 2378 quod
443 2307 565 2371 vehitur,
661 2307 728 2376 337.
752 2309 851 2378 Impune
872 2322 899 2361 et
918 2328 1037 2381 nunquam
1056 2317 1120 2386 jun.

29 2414 33 2425 ·
80 2398 125 2450 qua
137 2388 266 2442 ordinarie
278 2407 344 2439 merx
359 2399 406 2439 est.
609 2384 702 2455 genda.
719 2385 864 2457 Nunquam
879 2387 990 2441 audiunt
1002 2405 1120 2462 pastores

110 2465 165 2537 329.
176 2469 314 2522 Montanis·
327 2499 335 2514 .
347 2467 484 2536 ·triumpliis
495 2466 564 2536 vulg.
609 2465 710 2537 rugitus
725 2478 751 2517 et
764 2485 900 2518 murmura
915 2468 1039 2536 leonum,
1052 2475 1119 2544 quin

81 2539 120 2596 Sed
128 2551 227 2600 montani
234 2550 290 2618 jam
300 2546 360 2598 Vic.
371 2547 450 2617 Vieq.
609 2544 689 2614 paulo
707 2555 768 2615 post
787 2543 884 2597 damna
905 2545 934 2597 in
954 2566 1033 2619 grege
1051 2553 1119 2607 facta

102 2624 567 2696 330.Juvencis‚s.generatimhubus
609 2625 759 2678 observent.
776 2651 816 2665 —
836 2626 948 2695 Fragosa
973 2648 1119 2687 murmura:
1167 2654 1175 2662 ·

78 2701 154 2769 junctis
161 2719 282 2760 constare
291 2724 396 2759 cursum
406 2702 566 2771 clabularem
608 2703 724 2773 rugitus,
740 2704 786 2774 qui
804 2724 925 2757 murmur
943 2719 971 2758 et
987 2708 1118 2780 fragorem

79 2775 127 2846 (hoc
133 2788 267 2858 proprium
280 2786 351 2837 illius
362 2802 459 2836 nomen
471 2773 532 2850 est),
539 2795 566 2836 et
608 2781 691 2835 edunt
703 2783 816 2836 similem
827 2785 925 2856 fragori
936 2786 1062 2843 arborum
1073 2811 1118 2846 ca.

78 2863 565 2934 vehiculationemillam,angulosque,
610 2861 740 2916 dentium.

78 2944 154 3011 quibus
162 2947 189 2999 in
201 2947 254 2998 hoe
264 2962 361 3016 genere
372 2955 521 3006 uterentur,
534 2959 565 2994 ex
649 2941 715 3009 339.
729 2944 822 3013 Ignem
832 2944 895 2997 alias
906 2957 1042 3014 metuunt3
1058 2950 1114 3005 vid,

77 3033 170 3096 utroque
182 3024 288 3088 codice,
298 3021 486 3076 Theodosiano
497 3040 565 3091 proe·
608 3020 677 3072 Plin.
685 3023 768 3087 VIII,
786 3026 834 3097 μδ,
845 3042 867 3075 s.
881 3041 922 3091 19.
934 3057 973 3067 —
982 3027 1117 3097 lapsurum

77 3104 329 3170 sertintitutovnl,
338 3103 364 3166 5,
376 3100 409 3155 de
419 3103 506 3155 Cursu
514 3120 565 3171 pu·
607 3101 682 3152 solum
699 3102 736 3153 ita
751 3101 972 3174 intelligendum:
987 3103 1116 3177 deprimi·

75 3178 143 3250 blico,
154 3185 339 3260 satis‘constat.
608 3192 662 3244 tur,
673 3181 701 3232 h.
713 3199 736 3234 e.
748 3180 879 3234 effoditur
892 3184 966 3235 fovea
978 3186 1039 3239 satis
1051 3208 1115 3260 pro.

105 3262 162 3318 331.
180 3263 274 3333 Quibus
287 3282 296 3315 :
311 3280 367 3315 non
380 3261 441 3313 fere
454 3258 564 3313 devora·
607 3258 705 3325 funda,
720 3278 805 3330 eaque
817 3262 952 3332 obtegitur
965 3270 1117 3325 stramentis

74 3337 179 3397 henthos
191 3345 273 3396 boves
285 3359 300 3393 a
313 3340 411 3412 quibus
424 3339 564 3392 traheban-
607 3351 633 3391 et
650 3338 790 3392 viridibus.
811 3341 883 3392 Esca
900 3342 960 3393 loeo
977 3342 1006 3397 in
1025 3348 1114 3403 medio

73 3429 116 3484 tur,
129 3422 172 3476 sed
184 3441 279 3476 eorum
295 3421 392 3474 similes
407 3431 467 3472 ante
482 3417 563 3472 devo·
608 3417 782 3487 suspenditur
789 3418 898 3482 haedus,
910 3423 1055 3492 porcellus,
1072 3431 1115 3483 vel

72 3516 185 3556 ruerant.
606 3499 751 3551 clamosum
769 3497 844 3550 aliud
857 3499 955 3552 animal
966 3514 1018 3556 etc.

102 3581 161 3636 335.
176 3581 323 3654 Hesperidas
334 3578 473 3650 Nymphas
486 3579 563 3631 silva·
648 3577 714 3640 341.
727 3578 856 3630 Beudena
865 3598 875 3631 .·
885 3578 956 3633 hedi
965 3580 999 3634 ad
1008 3583 1116 3656 laqueos

68 3676 118 3712 rum
136 3661 301 3716 Mauritania
318 3659 429 3723 incolas,
449 3677 563 3728 quarum
607 3659 735 3710 immanes
748 3659 884 3728 suspensi,
898 3671 926 3711 et
938 3661 992 3712 suia
1006 3667 1116 3724 vocibus

68 3752 88 3793 et
96 3741 163 3794 horti
174 3742 214 3794 illi
228 3739 341 3793 nobiles.
605 3737 715 3789 leonum
726 3737 823 3791 famem
832 3738 1004 3794 sollicitantis.

99 3819 160 3875 336.
174 3822 239 3873 Mox
258 3830 428 3872 recensentur
447 3836 462 3868 a
481 3817 563 3872 Poeta
648 3817 713 3880 342.
731 3817 801 3869 Ultro
816 3820 879 3888 capi.
894 3817 938 3871 Sic
951 3821 1049 3874 Juven.
1064 3827 1116 3883 IV,

62 3897 463 3974 generaeapiendarumferarum
470 3935 479 3961 ‚
486 3896 562 3967 ignis,
610 3900 661 3964 69,
671 3895 705 3948 de
716 3897 848 3949 rhombo:
859 3898 927 3966 «Ipse
937 3904 992 3970 capi
1001 3903 1087 3956 noluit.
1100 3931 1112 3952 »

61 3979 152 4045 fovea,
162 3982 256 4045 fossa,
268 3975 388 4050 pendens
401 3974 497 4046 prada.
565 4022 572 4043 „
650 3975 717 4040 343.
734 3977 861 4047 Respuent
870 3995 963 4046 pascua
975 4000 986 4030 .·
1000 3998 1055 4034 non
1070 4003 1117 4058 pa.

110 4090 158 4154 II.
939 4081 960 4151 3
