2654 4830
132 322 180 393 26
369 322 447 388 ct.
475 278 778 388 canentum
806 321 950 386 xxiv.

128 457 170 523 In
187 454 351 547 pretium:
366 453 502 546 votique
518 451 638 519 famem
656 476 812 545 passurus
828 452 937 527 avari,

129 559 268 628 Ditabat
289 557 406 645 rutile,
421 557 581 652 quidquid
599 557 692 625 Mida
710 571 877 650 tangeret,
895 581 1000 624 auro:

131 664 271 749 Fabula,
286 690 344 734 seu
364 689 502 749 verum,
524 665 672 748 canitur3
695 677 752 732 tua
775 666 870 758 copia
892 664 998 730 vincit
1048 653 1049 657 ¹

115 773 269 840 ‘Fontem
292 773 424 857 Hermi,
439 784 630 864 tactumque
646 768 766 847 Μίδεω,
785 768 996 863 pluviamque
1013 772 1130 837 Tonan

131 877 299 946 Obscurat
318 891 466 963 veteres,
486 875 742 969 obscurabitque
760 875 889 945 futuras
979 944 982 947 ,

132 985 196 1050 Par
214 982 308 1051 donis
329 985 493 1076 armisque
512 1007 652 1051 manus:
670 984 696 1050 si
714 980 858 1051 solveret
875 984 980 1077 ignis,

133 1089 226 1177 Quas
243 1089 334 1158 dedit
352 1089 512 1158 immanes
530 1087 587 1156 vili
605 1089 667 1158 suh
685 1088 848 1182 pondere,
864 1112 1012 1173 massas,

132 1196 271 1290 Argenti
292 1210 431 1290 potuere
448 1194 539 1263 lacus
560 1209 594 1263 ct
615 1195 752 1262 flumina
771 1194 875 1263 fundi.

185 1303 257 1372 Nec
276 1302 356 1387 tibi,
374 1326 447 1395 qua
466 1303 591 1394 pariter
610 1300 700 1370 silvis
721 1301 901 1370 dominaris
922 1315 956 1369 et
975 1301 1088 1385 astris,

54 1443 56 1446 >
133 1409 296 1501 Exiguam
319 1405 458 1476 Stilicho
477 1410 599 1495 movit,
619 1408 779 1494 Latonia,
797 1431 922 1476 curam.
942 1402 956 1441 ⁸

131 1517 183 1582 Tu
202 1539 334 1608 quoquc
353 1513 518 1594 nobilibus
539 1513 728 1608 spectacula
745 1529 855 1583 nostra
873 1512 1004 1581 laboras

134 1618 300 1689 Illustrare
320 1620 398 1690 feris
411 1675 420 1708 ,
432 1646 639 1719 ‘summoque
657 1622 691 1688 in
709 1621 833 1689 vertice
852 1620 944 1712 rupis

136 1724 264 1822 Alpinae
286 1728 408 1807 socias,
423 1751 504 1815 arcu
519 1742 682 1810 cessante,
700 1725 857 1820 pudicas,

135 1834 180 1901 Et
199 1832 466 1925 pharetratarum
488 1833 649 1911 comitum
667 1832 854 1901 inviolabile
873 1834 963 1925 cogis

136 1937 345 2008 Concilium:
361 1939 500 2013 veniunt
516 1939 673 2012 humeros
687 1953 721 2006 et
735 1939 872 2007 brachia
887 1938 1004 2021 nudae,

49 2047 51 2050 ⁴
137 2047 345 2138 Armataeque
360 2069 478 2113 manus
491 2044 626 2139 jaculis,
640 2060 673 2113 et
692 2060 784 2138 terga
803 2046 947 2140 sagittis3

135 2151 333 2245 Incomptae,
354 2150 567 2247 pulchraeque
587 2166 700 2221 tamen
720 2178 728 2222 :
750 2152 925 2231 sudoribus
947 2177 1005 2220 ora

102 2270 110 2278 “
135 2254 369 2337 Pulverulenta
388 2258 534 2345 rubent;
553 2282 667 2329 sexum
686 2283 747 2327 nec
768 2257 871 2327 cruda
891 2257 1014 2327 fatetur

147 2472 164 2495 ·⁴
186 2468 250 2521 231.
274 2469 329 2520 Tua
343 2471 427 2538 eopia,
447 2467 589 2520 liberalitas
603 2476 649 2519 tua
693 2466 803 2517 materia
827 2485 976 2519 sermonem
997 2488 1066 2532 esse,
1092 2491 1129 2526 sut

139 2548 284 2600 consularis
297 2549 326 2601 in
339 2546 487 2619 spargendo
500 2566 580 2612 aur0;
593 2544 650 2599 vid.
693 2557 776 2606 retur.
790 2575 831 2587 -
845 2547 920 2616 Quod
929 2547 987 2600 MS.
1000 2550 1064 2611 hinc
1081 2551 1129 2605 Hel

139 2625 172 2678 ad
179 2628 246 2695 XX,
258 2626 303 2680 85.
314 2629 374 2680 Huc
385 2625 650 2699 pertinentillisacci,
693 2627 764 2696 conj.
776 2626 863 2694 Quot:
879 2627 922 2678 vel
938 2628 1013 2694 Quod
1024 2629 1109 2694 dedit,
1128 2671 1129 2681 .

137 2706 178 2758 vel
204 2708 279 2758 folles
305 2707 401 2758 inversi
424 2724 595 2757 nummorum
622 2704 651 2767 in
694 2707 749 2767 nis,
765 2706 811 2756 oili
823 2725 865 2757 eeu
875 2707 999 2776 pondere,
1014 2729 1105 2764 massae.

137 2783 288 2856 diptychis,
304 2784 338 2837 de
358 2786 456 2856 quibus
471 2804 558 2855 nuper
574 2803 650 2836 accu—
712 2845 714 2850 ¹
737 2785 800 2854 237,
815 2784 855 2839 Ad
874 2786 1027 2841 venationes
1039 2791 1094 2861 jam
1115 2803 1129 2842 t:

137 2864 650 2935 rate,ntsolet,egitcl.SaxiusinDipt.
695 2877 720 2917 et
739 2865 857 2916 ferorum
873 2867 1129 2941 peregrinorumque

140 2944 231 3016 Magni
243 2944 367 2998 Consulis
378 2964 392 2997 a
403 2964 429 3014 p.
445 2946 491 3006 34.
694 2945 1129 3019 mallumspectaculaHispraeestI

183 3023 249 3077 232.
265 3026 422 3094 Plautumque
438 3026 563 3076 Tonantis.
580 3022 651 3075 Vide
695 3025 822 3085 silvarum
830 3023 877 3076 dea
887 3063 894 3088 ,
905 3025 998 3079 eadem
1006 3029 1033 3080 in
1047 3030 1129 3083 eaelo]

140 3102 174 3156 ad
192 3124 231 3158 vs.
248 3108 302 3157 226
318 3123 325 3157 τ
340 3104 410 3156 male
423 3102 531 3175 qnidam
551 3103 651 3173 intelli-
696 3105 793 3158 Hecate
806 3104 877 3176 apud
890 3106 998 3159 inferos.

140 3197 206 3254 gunt
217 3186 312 3238 Jovem
321 3202 480 3237 conversum
493 3184 523 3235 in
533 3184 651 3255 pluviam
737 3191 801 3246 242.
820 3185 961 3237 inuiolabile
980 3187 1013 3240 ad
1032 3189 1128 3259 integri

39 3290 42 3297 ·
142 3283 265 3330 auream,
280 3279 307 3318 et
328 3263 531 3317 descendentem
549 3263 583 3327 ad
602 3265 653 3314 Da·
696 3277 723 3316 et
742 3265 888 3325 castitatem
906 3266 1064 3338 virginalem
1084 3270 1129 3321 rcfi

141 3362 224 3410 naen;
237 3365 268 3397 ex
280 3346 373 3397 Horat.
388 3347 405 3397 l.
421 3348 479 3416 III,
492 3343 544 3397 Od.
561 3348 606 3396 16.
697 3357 727 3396 ut
740 3343 816 3397 decet
826 3346 918 3398 Dianae
929 3349 1047 3400 comites.

167 3442 242 3481 Aurum
253 3455 290 3492 per
298 3443 373 3480 medios
388 3443 416 3480 ire
427 3441 532 3491 satellites,
740 3424 803 3488 243.
815 3426 844 3477 Ν
842 3426 897 3476 udae
908 3446 917 3477 .'
931 3440 1038 3480 exsertae
1049 3426 1082 3478 ad
1092 3448 1128 3499 pu

166 3510 193 3548 Et
205 3525 334 3563 perrumpere
343 3522 459 3559 omntsaxa,
473 3517 574 3566 potentins
699 3502 765 3556 dum
779 3505 807 3557 ln
821 3506 930 3563 belluas,

161 3581 204 3620 ¹⁰¹⁸
213 3581 355 3622 fulminea...
365 3611 383 3622 ··
504 3633 506 3639 ,
534 3583 573 3622 ¹3¹³·
691 3589 693 3592 ⁴
740 3588 806 3665 adli.
820 3584 903 3636 Cruda
915 3590 1054 3655 virginitas,
1068 3585 1129 3638 dure

183 3662 248 3715 233.
263 3663 384 3715 Obscurus
397 3701 403 3714 .
414 3703 420 3714 .
431 3705 437 3716 .
449 3664 586 3715 obscurabit
597 3663 653 3716 MS.
698 3665 792 3729 cultae,
813 3664 930 3717 horridae
949 3666 1097 3736 viragines,
1120 3687 1129 3720 s

184 3741 250 3796 235.
270 3743 325 3794 Vttt
341 3743 385 3794 sub
396 3744 517 3813 pondere,
535 3743 656 3814 pondere
698 3763 754 3797 nou
765 3742 885 3814 produnt
898 3745 1014 3812 deliciis,
1029 3747 1129 3798 molliti

142 3820 209 3874 adeo
224 3841 335 3892 magno,
351 3833 381 3874 ut
397 3823 444 3894 qul
458 3822 528 3874 illud
543 3821 656 3876 indicari
699 3842 771 3878 vore.
783 3853 824 3864 -
838 3826 960 3889 Horrent,
975 3828 1075 3882 trahunt
1087 3826 1129 3878 Me

142 3902 212 3956 forte
222 3901 339 3969 audiret,
349 3922 403 3954 non
414 3901 448 3955 de
459 3894 595 3956 nobilibus
603 3922 657 3956 me·
697 3917 757 3974 gent
768 3908 838 3975 conj.
849 3907 941 3959 Heius.
958 3907 1003 3960 hic
1017 3919 1043 3958 et
1058 3907 1109 3959 Ov.

143 3982 223 4048 ullis,
236 3982 283 4037 sed
298 3983 332 4037 de
343 3982 478 4055 lapidibus
493 3995 537 4036 aut
549 3984 595 4038 vili
605 3984 655 4035 alia
700 3986 797 4048 XVII,
813 3989 856 4037 16.
