2654 4830
136 333 184 408 20
251 388 252 393 .
372 335 448 402 cu.
477 334 785 407 cernamur
813 337 957 405 xxiv.

134 468 296 537 Luxuries
315 466 420 551 vitiis,
435 463 583 558 odiisque
605 467 776 560 superbia,
790 469 899 536 vertit.

134 575 187 642 Sic
206 571 291 640 male
309 569 465 639 sublimes
483 570 583 664 fregit
597 573 778 666 Spartanus
797 574 941 642 Athenas
950 600 964 660 ¹3

133 685 241 772 Atque
260 677 347 745 idem
365 676 487 774 Thebis
505 677 624 745 cecidit
639 705 646 745 :
661 680 708 746 sic
728 678 847 746 Medus
865 679 988 747 ademit

132 787 285 878 Assyrio,
307 783 474 875 Medoque
495 781 571 851 tulit
591 782 818 852 moderamina
837 788 976 854 Perses:

134 891 280 985 Subjecit
301 889 442 957 Macedo
462 892 600 972 Persen,
619 915 770 959 cessurus
790 907 824 958 et
843 892 914 984 ipse

132 998 290 1065 Romanis
311 1021 317 1062 :
340 996 411 1062 haee
432 997 578 1088 auguriis
597 994 727 1064 firmata
748 995 896 1090 Sibyllae,

134 1107 213 1172 Haec
232 1103 332 1171 sacris
355 1101 498 1167 animata
517 1102 636 1168 Numae
657 1126 664 1168 :
684 1102 763 1169 huic
783 1101 922 1170 fulmina
939 1103 1047 1172 vibrat

129 1210 279 1303 Jupiter3
301 1207 388 1274 hanc
411 1220 482 1274 tota
501 1207 648 1274 Tritonia
666 1209 824 1300 Gorgone
844 1207 940 1282 velat.

132 1319 278 1388 Arcanas
296 1313 363 1380 buc
380 1315 484 1381 Vesta
505 1312 609 1398 faces,
625 1312 692 1381 buc
713 1315 817 1406 Orgia
831 1315 981 1383 Bacchus

180 1538 240 1587 161.
259 1533 382 1587 Feliciter
400 1553 456 1585 uno
472 1551 550 1586 versu
567 1552 640 1586 com·
729 1538 793 1604 167.
810 1529 947 1587 Animata:
961 1535 1055 1606 religio
1071 1548 1111 1588 est

130 1612 272 1687 prehendit
282 1612 347 1665 duas
358 1625 443 1684 pestes
452 1632 542 1664 rerum
552 1612 640 1683 publi·
686 1613 771 1665 anima
783 1615 957 1686 imperiorum
968 1633 975 1667 z
993 1616 1051 1666 sine
1066 1616 1116 1669 bac

130 1705 238 1754 carum,
258 1695 393 1755 luxuriem,
421 1695 495 1762 cujus
515 1705 579 1744 nota
596 1711 641 1761 ge·
685 1711 739 1744 non
756 1707 876 1764 possunt.
891 1694 1124 1758 -Numoe.·lruic,

130 1773 252 1844 nealogia
270 1792 302 1824 ex
323 1773 370 1823 illo
394 1771 477 1823 Cicer.
496 1790 546 1841 pro
562 1769 640 1824 Rosc.
685 1772 812 1838 elisione,
832 1793 906 1825 more
923 1774 1090 1826 Graecorum.
1105 1778 1124 1823 t

131 1874 156 1908 o.
173 1873 207 1924 27
219 1871 226 1904 z
239 1873 250 1895 κ
263 1854 296 1904 In
307 1852 375 1903 urbe
388 1851 507 1902 luxuries
518 1863 641 1915 creatur3
684 1851 750 1917 lius,
764 1853 832 1905 Ionio
844 1857 963 1906 immenso.
971 1884 1012 1893 -
1020 1856 1123 1921 Huicsu

130 1953 161 1986 ex
176 1931 281 1984 luxuria
294 1931 400 1982 exsistat
413 1930 523 1982 avaritia
536 1947 642 1982 necesse
684 1932 790 1983 vibrat:
806 1934 912 2002 Jupiter
927 1932 956 1984 in
974 1933 1084 2003 gratiam
1104 1937 1124 1986 R

71 2013 73 2018 ’
132 2024 188 2066 est-z
205 2031 237 2064 ex
250 2010 359 2062 avaritia
375 2022 496 2080 erumpat
509 2007 639 2061 audacia:
685 2011 772 2063 vibrat
791 2013 915 2064 fulmina.
930 2011 1034 2064 Alludit
1048 2012 1081 2065 ad
1095 2027 1124 2066 tet

132 2091 197 2145 inde
209 2090 301 2143 omnia
313 2089 410 2142 scelera
424 2107 453 2141 ac
468 2089 596 2141 maleficia
606 2089 644 2159 gi·
685 2102 795 2155 statem,
807 2101 889 2161 quaea
901 2093 992 2143 Romae
1002 2093 1086 2162 portis
1098 2113 1124 2146 re

131 2183 259 2243 gnuntur.
277 2195 288 2216 ι
303 2169 433 2239 Superbia
446 2167 570 2220 odiorum
587 2186 642 2220 ma·
686 2169 1122 2243 Hannibalem—Numoeestvulg

131 2265 189 2315 ter,
199 2269 251 2302 nec
272 2248 436 2320 superiorem
451 2258 539 2318 potest
552 2248 642 2315 ferre,
686 2262 723 2300 est
730 2269 782 2301 om.
790 2251 865 2304 MSS.
873 2251 995 2302 etfirmat
1001 2250 1124 2304 hiatume

131 2341 180 2384 nee
201 2326 292 2402 parem
312 2347 321 2382 ·:
343 2328 406 2380 hinc
429 2328 469 2380 illi
495 2346 563 2380 unus
586 2346 641 2379 non
687 2329 739 2399 plis
748 2330 840 2382 Heius.
852 2331 905 2381 Pro
915 2329 1015 2393 vibrat,
1033 2331 1124 2384 lr‘brat(

132 2412 231 2464 sufficit
246 2409 334 2472 orbis,
347 2423 397 2461 etc.
478 2421 483 2441 ¹
710 2413 794 2463 ·168.
817 2411 926 2461 Tritonia
941 2409 1062 2462 Minerva
1081 2411 1124 2464 Go

178 2496 243 2545 162.
253 2490 401 2560 Spartanus,
410 2486 550 2557 Lysandro
561 2486 642 2554 duco,
686 2488 714 2540 h.
730 2507 752 2541 e.
763 2490 858 2559 clypeo
867 2507 933 2554 suo,
946 2509 966 2540 s.
979 2489 1061 2559 aegide
1071 2492 1123 2561 tegi

132 2566 344 2638 Atheuar'sregit;
356 2567 497 2620 succubuit
507 2567 563 2637 ipse
574 2568 643 2619 The·
686 2586 765 2619 mam.
780 2568 913 2639 Respicit,
923 2568 1016 2632 credo,
1029 2569 1124 2623 Pallad:

131 2647 257 2715 lii·s·,duce
269 2648 376 2699 illarum
385 2645 579 2716 Epaminonda.
587 2646 642 2698 Me·
686 2645 760 2717 quod
775 2646 926 2699 conditores
939 2651 1032 2701 Rornae
1047 2651 1124 2718 Troja

117 2729 176 2782 'dus
192 2729 307 2802 Arbaces
319 2726 409 2777 ¹ademit
424 2725 565 2795 imperium
581 2725 642 2776 Sar·
686 2729 769 2778 AEnea
785 2725 872 2789 duce,
893 2727 920 2778 in
943 2727 1046 2780 Italiam
1059 2730 1124 2781 attul

132 2807 261 2878 danapalo
268 2806 386 2876 Assyrio,
396 2805 469 2883 Medo
476 2804 583 2874 Astyagi
591 2805 643 2874 Cy·
686 2805 774 2870 aiunt,
788 2819 947 2859 asservatum
959 2808 1031 2859 inter
1037 2813 1124 2879 pigrior

132 2907 177 2941 rus
192 2889 291 2948 Perses,
308 2885 372 2937 huic
385 2881 548 2936 Alexander:
562 2903 642 2953 regna
681 2888 753 2956 perii.
764 2885 828 2939 vid:
841 2888 936 2957 passim
951 2887 1074 2951 Servius,
1085 2907 1124 2959 prr

133 2971 165 3021 ab
175 2968 254 3037 hujus
261 2961 570 3017 successoribuscondita
578 2982 642 3034 pau·
685 2965 733 3018 tim
749 2965 783 3017 ad
796 2970 856 3019 AEn.
870 2967 940 3028 VII,
958 2969 1020 3019 188.

130 3048 205 3100 latim
217 3063 326 3098 romana
336 3044 381 3095 illa
391 3045 465 3113 Lupa
475 3041 621 3095 devoravit.
728 3048 839 3115 169.De
846 3046 931 3106 Vesta,
940 3065 971 3097 eu
973 3047 1014 3116 jus
1021 3046 1095 3115 ignes
1102 3065 1123 3098 aa

179 3126 243 3179 165.
267 3125 381 3177 Cerauno
400 3131 424 3173 e'c
443 3127 491 3193 ipso
510 3123 642 3174 Romanis:
685 3138 805 3177 sanctum
819 3139 845 3178 et
858 3125 906 3196 ipsi
921 3127 1015 3195 pignus
1028 3126 1124 3197 imperi

133 3204 281 3261 Alexander
295 3217 352 3256 non
369 3202 454 3256 vietus
470 3221 484 3253 a
499 3201 640 3270 Romanis3
685 3205 774 3273 mapi,
787 3205 878 3258 omnia
893 3203 984 3257 docuit
1000 3218 1059 3276 post
1072 3207 1124 3277 Lip

132 3284 178 3339 sed
187 3278 293 3356 partum
303 3284 335 3336 ab
342 3280 491 3336 Alexandro
500 3282 641 3334 Persarum
685 3283 731 3335 Ez.
747 3285 932 3355 Spanbemius.
943 3283 995 3338 Sed
1010 3286 1091 3354 Orgia
1102 3287 1124 3337 B

132 3365 276 3436 imperium
290 3366 322 3416 ab
336 3364 388 3416 illis
400 3363 539 3416 subactum
553 3373 599 3414 esti
685 3364 783 3415 furiosa
789 3364 918 3435 irrepsere
925 3365 1082 3435 potiuspost
1091 3385 1124 3418 se*

175 3448 239 3507 166.
250 3445 329 3510 Haeo,
342 3443 425 3495 intell.
438 3445 535 3506 Roma,
546 3442 589 3494 vel
598 3459 642 3493 ro·
685 3455 776 3496 contra
792 3445 838 3496 illa
852 3445 934 3514 leges,
951 3464 1029 3515 quam
1045 3457 1075 3496 ut
1087 3465 1124 3497 rer

132 3543 209 3578 mana
230 3523 385 3593 respublica.
407 3525 440 3574 In
458 3523 571 3574 Romani
590 3521 640 3572 im·
685 3521 738 3576 dici
750 3524 860 3594 possint.
875 3557 915 3564 --
928 3525 1038 3596 Phrygia
1051 3525 1124 3575 dean

131 3605 199 3678 perii
219 3603 397 3659 instrumento
420 3600 493 3654 haud
515 3602 640 3654 ultimum
684 3602 1124 3672 Deorurn,Idaea,Cybeleeadem‚l·

131 3687 220 3738 locum
238 3683 354 3734 habuere
372 3680 435 3733 libri
453 3680 594 3750 Sibyllini,
614 3694 640 3733 et
683 3683 733 3735 bus
752 3682 842 3735 invehi
858 3682 935 3734 solita
952 3683 981 3734 in
1000 3684 1116 3735 nummis

129 3769 171 3838 jus
185 3761 353 3835 pontificium
374 3760 408 3812 ab
428 3760 515 3811 Numa
533 3760 639 3813 institu-
682 3761 1124 3833 lemniterillaquidemrecepta‚et

131 3859 204 3907 tum,
226 3855 253 3894 et
278 3839 418 3910 disciplina
435 3841 467 3892 ab
485 3839 638 3905 Hetruscis,
682 3842 788 3895 sinunte
800 3842 906 3906 advecta
918 3844 1044 3906 Romam,
1055 3842 1090 3894 de
1102 3860 1124 3912 qr

131 3942 210 3996 quam
221 3921 333 3993 pulchre
341 3920 425 3990 signat
433 3931 529 3989 poeta,
539 3938 638 3990 quum,
682 3923 849 3988 Liv.XXIX,
862 3940 895 3974 10
903 3933 928 3974 et
939 3922 1109 3976 11.-Secum
1120 3943 1124 3954 ¹

130 4006 201 4066 leuis,
229 4001 281 4066 ait,
300 4000 407 4067 fulmina
430 4000 514 4052 vibrat
533 3999 636 4070 Jupiter.
683 4014 709 4055 at
720 4003 830 4055 Baculus
840 4021 872 4056 ex
881 4003 1070 4074 manuscriptis
1078 4002 1124 4055 Hei
