2654 4830
135 336 183 405 28
386 337 458 404 CL.
487 337 776 406 CLAUDIANI
804 339 950 405 XXIV.

132 467 365 560 Nympharum
381 466 556 552 incedunt,
572 469 658 537 ecies
680 468 826 537 formosa
841 471 978 554 Dianae,

133 576 277 641 Centum
295 573 452 668 Taygeti,
467 588 601 642 centum
618 573 659 642 de
678 577 802 651 vertice
819 574 959 668 Cynthi,

133 682 177 747 Et
198 678 334 747 totidem
351 693 442 748 casto
458 681 573 773 genuit
589 704 670 774 quas
688 681 826 749 flumine
844 680 970 748 Ladon.
1164 703 1203 742 ‚e

133 787 202 853 Has
219 784 276 853 ubi
294 784 447 854 collectas
466 785 568 873 vidit,
584 787 630 854 sic
646 785 743 855 Delia
761 788 885 880 coepit:

191 894 251 960 «O
270 892 380 977 sociae,
396 915 537 960 mecum·
549 891 685 960 thalami
700 884 773 986 quae
786 893 863 986 jura
883 915 1032 984 perosae,

133 998 293 1091 Virgineo
311 995 436 1092 gelidos
452 999 643 1091 percurritis
658 1001 789 1092 agmine
805 1011 951 1083 monteS,

133 1105 276 1172 Cernitis
289 1119 327 1172 ut
341 1105 437 1173 Latio
452 1105 571 1198 Superi
585 1105 816 1173 communibus
832 1117 952 1173 ornent

18 1233 40 1244 s
132 1212 231 1304 Hunc
253 1234 377 1277 annum
398 1208 535 1295 studiis?
549 1225 690 1304 quantos
707 1211 885 1305 Neptunus
904 1233 1066 1303 equorum
1162 1231 1202 1272 zes

130 1317 243 1384 Donet
263 1315 304 1385 ab
327 1316 407 1384 orbe
424 1340 559 1410 greges3
578 1315 666 1384 laudi
681 1341 781 1410 quam
802 1314 893 1384 nulla
912 1315 1069 1384 canendae

132 1422 256 1490 Fratris
272 1421 398 1516 plectra
417 1420 555 1491 vacent?
572 1436 719 1491 nostram
740 1446 872 1517 quoque
894 1423 1013 1490 sentiat
1030 1420 1135 1506 idem,

133 1529 246 1616 Quam
260 1530 385 1597 meritis
403 1528 579 1613 debemus,
596 1554 717 1623 opem:
733 1555 802 1598 non
817 1526 943 1623 spicula
960 1528 1068 1622 poscit

72 1642 75 1652 ”
132 1637 199 1703 Iste
217 1633 325 1724 labor;
340 1651 496 1704 maneant
514 1633 631 1704 clausis
649 1660 739 1704 nunc
761 1637 848 1705 sicca
864 1635 1051 1729 pharetris:

134 1741 251 1822 Omnis
271 1756 340 1810 cta
360 1741 462 1810 solitis
481 1755 594 1810 noster
611 1741 784 1810 venatibus
801 1765 898 1809 arcus
1160 1779 1202 1834 ²7⁰

133 1850 330 1942 Temperet,
346 1849 380 1915 in
399 1845 502 1916 solam
516 1872 616 1918 cruor
633 1847 688 1916 hic
702 1862 853 1917 servetur
867 1860 1012 1914 arenam.

176 2064 239 2119 258.
256 2067 362 2118 Famosa
377 2066 455 2119 MSS.
472 2065 582 2138 quidam
597 2086 644 2119 ex·
739 2071 805 2120 266.
839 2067 922 2125 Laudi
952 2065 1066 2124 canendis
1099 2064 1204 2117 habent

135 2145 239 2198 hibent.
375 2151 377 2155 ’
688 2165 800 2214 omnes,
819 2146 875 2201 sine
894 2145 963 2211 ulla,
979 2161 1059 2216 quam
1076 2145 1203 2197 observa·

178 2225 243 2293 259.
257 2226 379 2296 Taygetm
389 2226 526 2279 Laconicae
533 2228 561 2278 in
571 2226 646 2278 Pelo-
689 2227 788 2290 verim,
804 2226 938 2277 varietate.
949 2226 1056 2276 Interea
1069 2224 1203 2276 sententia

134 2324 254 2377 ponneso
273 2324 365 2369 mons,
385 2306 495 2375 Cynthio
514 2305 574 2356 Deli
594 2305 645 2357 sal·
688 2305 751 2358 hinc
767 2305 853 2357 oritur
867 2305 946 2375 plane
963 2303 1096 2356 centraria
1112 2303 1203 2355 oonsi-

47 2386 48 2389 ’
136 2398 194 2452 tus,
206 2386 292 2438 Ladon
305 2397 394 2438 autem
402 2385 500 2438 fluvius
511 2383 643 2438 Arcadiae:
688 2385 725 2436 lio
742 2396 837 2456 poetae.
858 2381 933 2449 Quid
953 2383 1043 2435 enim?
1060 2382 1128 2433 nulla
1145 2383 1203 2452 ple-

134 2462 255 2537 undique
272 2465 353 2536 igitur
365 2465 493 2519 conducit
506 2465 646 2538 Nymphas
688 2477 741 2516 etta
757 2475 844 2517 vacent
864 2463 933 2514 laudi
946 2463 1121 2528 Stilichonis,
1133 2461 1203 2533 quid

135 2546 240 2598 etseras
252 2547 352 2610 Diana,
367 2545 401 2598 ad
413 2544 581 2598 instruendos
593 2545 646 2598 Sti·
689 2543 830 2615 significat,
848 2545 900 2595 nisi
923 2542 993 2607 hoc,
1011 2542 1115 2594 nullum
1140 2541 1202 2614 ple·

134 2625 249 2678 lichenis
272 2624 351 2678 ludos
369 2626 527 2677 consulares.
546 2625 646 2676 Castum
689 2636 777 2691 etrum
798 2623 847 2674 otii
860 2633 964 2674 tantum
980 2622 1076 2686 habet,
1088 2633 1119 2672 nt
1134 2639 1202 2691 ope·

128 2706 222 2775 flumen
228 2704 354 2769 Ladonis,
364 2703 455 2768 credo,
466 2703 573 2767 dicitur,
585 2722 646 2774 pro·
688 2700 824 2755 ram‘dare
838 2701 922 2772 possit
935 2700 1007 2752 laudi
1024 2700 1202 2753 Stilichonis?

136 2796 195 2855 pter
222 2784 340 2853 Syringis
365 2784 491 2853 nymphae
513 2783 646 2848 fabulam,
690 2783 787 2834 Vacare
809 2782 878 2833 laridi
897 2800 930 2832 an
952 2780 1026 2833 aliud
1050 2780 1201 2850 significat,

136 2882 194 2934 quae
204 2864 275 2914 Pana
286 2863 397 2933 fugiens,
408 2863 452 2915 hic
463 2863 491 2914 in
503 2860 645 2914 arundine·
689 2881 768 2933 quam
794 2880 909 2915 vacuum
930 2863 963 2913 ab
983 2862 1040 2913 aliis
1061 2872 1150 2912 totum
1171 2879 1203 2912 se

136 2955 195 2996 tum
214 2955 314 2995 mutata
332 2940 456 2995 estvid.
481 2941 562 2994 Ovid.
579 2942 644 2994 Met.
689 2941 753 2994 dare
763 2941 928 2994 laudilNisi
940 2940 1203 3004 volumus,humani

135 3024 163 3087 1,
181 3041 245 3092 7⁰²·
257 3023 354 3075 Notam
367 3021 556 3093 Spartanarum
565 3021 645 3093 pudi-
689 3021 756 3093 quid
772 3040 877 3094 passum
892 3033 1015 3091 poetam,
1029 3033 1056 3072 et
1070 3019 1123 3072 levi
1137 3036 1202 3089 per·

135 3102 225 3155 citiam
234 3103 287 3154 huc
299 3103 411 3172 allegare
423 3103 574 3153 nolimcum
585 3103 647 3152 Bar·
689 3103 919 3154 mutationecasns
927 3099 999 3152 aliud
1008 3099 1113 3162 dixisse,
1119 3116 1201 3168 quam

138 3182 209 3234 thio:
230 3183 310 3234 nimis
323 3182 366 3233 illa
384 3183 508 3252 ambigua
524 3194 574 3245 est,
594 3200 644 3233 nec
689 3181 828 3251 cogitarit3
849 3199 987 3251 possumus
1011 3192 1108 3251 putare
1132 3179 1204 3230 laudi
1246 3181 1251 3189 '

136 3262 241 3331 attingit
254 3260 345 3313 Ladon
360 3263 573 3315 Laconicam—
583 3263 648 3333 Tay·
690 3257 828 3314 auferendi
848 3279 937 3313 casum
952 3279 1006 3312 esse
1022 3251 1071 3326 (ut
1082 3257 1144 3318 labi,
1161 3259 1202 3308 la·

135 3344 211 3410 getis,
224 3342 347 3411 Taygete,
361 3341 565 3413 TaygetioeMSS.
574 3340 646 3393 unde
686 3341 741 3409 ,uidi
748 3380 755 3405 ,
767 3341 827 3405 luci,
846 3352 871 3391 et
882 3340 976 3393 similia
986 3338 1059 3410 apud
1073 3338 1200 3389 Vossium

141 3423 256 3492 Taygete
271 3423 340 3491 conj.
361 3422 454 3475 Heius.
465 3420 529 3474 Vid.
543 3422 599 3493 ipse
620 3434 647 3473 et
690 3418 724 3471 de
734 3421 811 3472 Anal.
827 3415 1057 3489 11,12,p,733)‚
1072 3429 1098 3469 et
1111 3418 1201 3488 legen-

136 3502 229 3552 Burm.
239 3497 272 3549 ad
283 3499 379 3569 Georg.
393 3501 449 3564 111,
464 3507 510 3564 44.
690 3497 755 3550 dum
769 3499 893 3550 canenda:
913 3500 956 3551 vel
968 3499 990 3550 si
1009 3498 1119 3550 omnino
1132 3498 1203 3548 leudi

178 3579 379 3648 265.Neptunus
391 3581 422 3631 ab
434 3580 497 3632 orbe.
506 3581 646 3650 Neptunus
689 3579 803 3629 canendae
824 3566 927 3630 rectum
945 3579 992 3642 sit,
1013 3578 1079 3631 vitio
1096 3576 1201 3628 librarii

135 3660 330 3712 diciturauctor
336 3677 479 3729 equorum:
490 3659 520 3710 ab
533 3660 603 3722 orbe,
612 3661 645 3712 ab
690 3657 843 3711 noshabere
853 3657 921 3708 nulla
930 3676 981 3727 pro
991 3658 1073 3709 multa.
1081 3688 1121 3698 -
1136 3656 1201 3707 Urbe

135 3739 208 3791 omni
221 3751 297 3808 parte
314 3738 395 3790 orbis.
407 3739 458 3789 Alii
478 3738 584 3806 legunt,
599 3740 644 3790 do-
688 3739 721 3790 al.
734 3739 816 3795 Donet
836 3736 921 3788 habere
933 3740 1003 3805 conj.
1019 3737 1109 3788 Heins.
1127 3737 1203 3804 Quod

134 3833 174 3870 raet
189 3819 272 3870 habere
279 3838 289 3879 ,·
302 3817 404 3887 phrasis
418 3817 517 3870 Graeca.
527 3818 642 3887 —Nep-
687 3819 755 3869 nulla
767 3816 842 3887 MSS.
854 3817 979 3887 Laudique
992 3827 1019 3867 ut
1031 3816 1098 3867 niella
1111 3834 1200 3871 canen-¹

133 3911 203 3950 tumes
220 3897 367 3969 equestris,
382 3896 445 3950 circi
466 3909 493 3948 et
509 3899 642 3949 curulium
687 3898 726 3950 rt'ae
741 3901 809 3966 conj.
820 3897 912 3948 Heius.

130 3977 256 4051 ludorum
269 3978 302 4030 ab
310 3977 412 4047 origine
425 3974 487 4029 inde
504 3977 641 4042 Dominus.
730 3981 794 4045 269.
809 3976 912 4042 Clamas.
927 3975 1016 4035 Heins.
1033 3975 1142 4044 Plancis,
