2654 4830
150 373 195 444 18
387 371 462 440 CL
491 371 794 441 CLAUDIANI
821 375 967 442 XXIV.

143 507 323 572 Armorum
345 498 521 596 legumque
543 524 685 595 parens;
712 527 785 596 quae
807 502 916 574 fundit
935 507 968 573 in
988 533 1104 577 omnes

143 611 341 705 Imperium,
362 608 528 701 primique
548 607 639 676 dedit
660 609 825 678 cunabula
841 610 935 702 juris.

144 719 225 784 Haec
247 729 315 802 est,
337 715 462 808 exiguis
482 738 556 807 quae
577 714 699 783 finibus
720 729 810 803 orta,-
828 717 966 786 tetendit

141 825 182 891 In
205 822 352 916 geminos
374 844 470 905 axes,
487 843 656 914 parvaque
677 845 696 888 a
718 821 794 890 sede
816 823 983 916 prolectas

144 928 309 1022 Dispersit
327 951 403 995 cum
423 925 491 995 sole
512 949 653 994 manus:
672 927 744 995 haec
766 927 866 996 obvia
887 930 981 1016 fatis,
1173 954 1213 997 no

142 1037 340 1102 Innumeras
360 1057 429 1101 uno
451 1046 581 1126 gereret
599 1057 702 1126 quum
719 1048 870 1128 tempore
889 1061 1035 1129 pugnas,

140 1142 305 1235 Hispanas
327 1153 477 1232 caperet,
497 1137 623 1206 Siculas
644 1139 810 1208 obsideret
830 1141 948 1228 urbes,
1107 1233 1111 1237 ν

139 1250 183 1315 Et
204 1245 337 1315 Gallum
356 1246 453 1313 terris
471 1258 714 1336 prosternerem
732 1271 863 1339 aequore
882 1251 1038 1336 Poenum,

138 1356 318 1445 Nunquam
342 1349 516 1418 succubuit
538 1350 686 1434 damnis,
705 1366 739 1420 et
757 1354 870 1420 territa
888 1353 980 1422 nullo

139 1457 304 1543 Vulnere,
323 1470 398 1550 post
419 1458 552 1525 Cannas
571 1458 677 1550 major
694 1458 912 1552 Trebiamque
933 1461 1120 1530 fremebat:
1172 1483 1225 1538 ,ιβ

137 1568 183 1634 Et
201 1589 303 1658 quum
318 1563 387 1656 jam
409 1578 598 1657 premerent
616 1564 774 1651 flammae,
794 1588 994 1660 murumque
1013 1568 1128 1638 feriret

136 1672 268 1756 Hostis,
286 1672 321 1738 in
337 1684 503 1737 extremos
521 1670 627 1737 aciem
646 1670 799 1738 mittebat
813 1670 937 1740 Iberos.

133 1781 206 1849 Nec
226 1777 316 1845 stetit
333 1778 470 1844 Oceano
490 1799 499 1856 3
518 1776 681 1868 remisque
700 1778 846 1870 ingressa
867 1778 1071 1871 profundum
1159 1789 1161 1795 '

136 2002 277 2058 calidiores
289 2017 345 2052 esse
360 1986 439 2050 zonas
452 1997 510 2051 illas
524 2000 575 2051 sub
590 2012 646 2051 tro-
744 2007 782 2046 Per
791 2008 872 2067 danna,
884 2010 1004 2061 porceto,
1015 2012 1041 2050 ab
1052 2015 1096 2066 ipso

136 2084 204 2157 picis
221 2080 320 2151 positas
339 2077 491 2141 affirmans,
512 2076 597 2148 quod,
608 2081 647 2131 sol
772 2079 828 2117 ⁰¹¹⁰st
839 2093 888 2131 01³⁸·
899 2085 1026 2134 animumque
1039 2084 1098 2123 ferro.

137 2164 177 2218 ihi
198 2160 300 2213 diutius
323 2170 443 2210 moretur
463 2176 541 2228 supra
562 2158 648 2228 capita
734 2157 797 2220 145.
814 2160 846 2210 In
860 2161 943 2212 verbo
952 2163 1072 2228 fremebat
1088 2177 1129 2217 est
1144 2168 1205 2238 pul·

137 2243 304 2303 incolarum,
317 2238 345 2290 in
366 2235 483 2290 adventu
498 2250 524 2289 et
541 2237 646 2302 reditu,
690 2236 816 2290 cliritudo
829 2238 948 2310 insignis.
964 2242 1046 2295 Notat
1061 2245 1135 2296 enim
1150 2247 1203 2318 epig

137 2343 221 2396 quum
232 2319 382 2373 habitantes
391 2318 440 2369 sub
451 2317 509 2388 ipso
516 2330 648 2388 aequatore
689 2316 757 2369 ritus
771 2329 798 2369 et
814 2319 915 2372 animos
932 2339 986 2373 non
1002 2320 1144 2393 depressos
1160 2346 1201 2379 ca·

136 2403 248 2458 celerius
256 2409 380 2453 transeat.
389 2399 506 2469 Doctum
518 2416 573 2450 esse
581 2415 647 2469 poe·
688 2396 821 2463 laminis,
838 2397 884 2450 sed
900 2413 1009 2453 erectos.
1026 2402 1145 2473 Oportet
1157 2406 1200 2459 hic

137 2498 190 2537 tarn
203 2475 567 2543 nostrum‚Alexandrinum‚
581 2479 646 2531 Cos·
688 2476 814 2528 lectorem
837 2491 946 2530 eventus
968 2481 1117 2551 praecipuos
1139 2485 1199 2538 belli

136 2565 205 2616 mica
225 2560 347 2615 doctrina
362 2558 511 2624 imbutum,
527 2569 553 2609 et
570 2565 645 2609 πολυ·
689 2555 799 2608 secundi
807 2555 902 2609 Punici
914 2560 1050 2612 memoriae
1058 2577 1198 2633 praesentes

135 2644 226 2715 μαθίας
247 2649 450 2699 ostentamen,
470 2649 582 2689 constat.
603 2637 645 2688 Cf.
688 2633 795 2688 haberer
1167 2693 1175 2712 ,ι

136 2721 170 2774 ad
186 2720 280 2782 XXII,
294 2718 369 2780 4363
383 2727 410 2766 et
423 2716 528 2778 XCVI,
541 2735 568 2783 9·
732 2718 793 2778 146.
811 2715 914 2770 Feriret.
930 2718 1016 2771 Habet
1034 2732 1122 2773 teneret
1139 2725 1197 2796 Cuj.

180 2800 244 2853 136.
253 2799 343 2849 Potens
351 2793 428 2846 MSS.
436 2792 509 2865 quod
517 2795 613 2865 probat
619 2807 646 2847 et
682 2795 786 2860 finirent
800 2796 855 2849 MS.
869 2798 986 2868 optimus
1001 2800 1094 2854 Heins.
1107 2804 1154 2873 qui
1167 2805 1199 2858 si.

135 2882 248 2934 illustrat
260 2877 351 2928 Heius.
687 2875 779 2927 mitem
802 2879 1031 2931 constructionem
1048 2881 1197 2937 observavit

179 2958 243 3026 139.
260 2955 373 3009 Gemmas
387 2973 452 3006 aaa.
467 2953 605 3005 Orientem
618 2966 644 3005 et
687 2955 766 3006 etiarn
778 2954 811 3008 ad
819 2956 982 3011 OvidRem.
996 2961 1050 3022 164
1061 2960 1129 3013 etad
1137 2966 1196 3016 AEn.

134 3037 310 3092 Occidentem
321 3033 457 3104 intelligit,
471 3031 645 3086 undesolve·
687 3034 727 3098 X,
745 3036 809 3088 238.
828 3067 869 3078 -
884 3037 946 3089 Non
964 3037 1084 3092 admovit
1104 3043 1197 3096 arietes

133 3120 189 3182 nit,
201 3130 228 3169 et
245 3134 301 3187 quo
314 3113 377 3166 abit.
388 3145 428 3157 -
442 3113 557 3179 Profecto
571 3113 643 3182 vulg.
686 3111 886 3180 Hannibal‚sed
894 3117 978 3187 portis
985 3119 1162 3189 obequitavit,
1171 3135 1196 3175 et

178 3203 241 3260 140.
254 3195 457 3260 Obviusfatisest
465 3231 473 3257 ‚
481 3192 528 3262 qui
536 3203 643 3244 strenue
686 3193 927 3267 coepitcompnrare
935 3195 968 3248 ad
974 3196 1140 3253 obsidionem
1151 3221 1196 3254 ne·

133 3289 247 3347 occupat
262 3272 642 3343 fortunam,etopportunita·
685 3272 803 3325 cessaria.
816 3273 880 3327 Vid.
897 3275 956 3328 Liv.
976 3277 1083 3341 XXVI,
1105 3299 1135 3333 ro
1156 3300 1194 3353 sq.

133 3359 204 3411 tibus
211 3355 296 3408 utitur
308 3353 342 3406 ad
351 3350 539 3423 consequenda
546 3370 644 3421 eaquae
685 3350 735 3403 Hic
755 3350 836 3405 modo
855 3354 981 3425 ponimus
995 3358 1075 3427 verba
1094 3378 1118 3411 c.
1140 3379 1192 3414 11:

133 3437 192 3489 fatis
207 3435 258 3505 ipsi
271 3432 400 3487 destinata
413 3444 485 3485 sunt.
498 3463 538 3474 -
551 3431 641 3502 Dispe-
688 3456 699 3477 ι
715 3431 837 3486 Minuere
851 3453 925 3506 apem
942 3436 1098 3490 Hannibalis
1119 3439 1195 3504 alin,

131 3520 177 3569 scit
188 3515 258 3584 conj.
274 3513 341 3566 Scal.
351 3517 424 3565 cotis.
436 3512 513 3565 MSS.
684 3529 764 3581 parva
779 3531 939 3585 magnaque,
952 3533 1012 3568 res:
1028 3535 1123 3587 magna
1136 3518 1194 3584 illa,

173 3601 238 3658 14²·
250 3592 449 3646 Obsidemtertia
457 3592 641 3662 conjugatione
685 3589 1194 3669 quodquumipseadmoeniaurbisRo·

129 3694 179 3730 nec
188 3673 305 3745 optimos
313 3668 563 3741 refugisse,docent
571 3670 641 3725 The·
684 3688 733 3721 mn
754 3684 870 3725 armatus
890 3672 1007 3738 sederet,
1027 3676 1124 3730 milites
1144 3679 1192 3730 suh

129 3756 200 3811 sauri
221 3752 314 3806 nostri.
333 3781 373 3791 -
388 3749 542 3802 Submitteret
564 3752 638 3821 vulg.
683 3749 784 3802 vexillis
794 3751 822 3802 in
831 3754 1044 3824 supplementum
1056 3756 1192 3827 Hispaniae

127 3836 244 3888 obsideret
258 3833 335 3886 etiarn
348 3830 408 3898 Cuj.
680 3831 814 3901 profectos
839 3831 958 3897 audivit3
979 3853 1060 3904 parva
1084 3849 1191 3901 autern,

134 3970 136 3975 ,
172 3920 235 3977 144.
254 3912 384 3982 Nunquam
403 3907 534 3960 succubuit,
550 3909 636 3961 Hora·
681 3909 858 3982 quodpereos
868 3905 1191 3987 diesenmsorteagrurn‚

127 3997 195 4063 qius,
205 3991 258 4045 Od.
271 3992 317 4044 lib.
329 3990 378 4053 IV,
388 4007 427 4052 ιν,
440 3987 475 4057 59
488 4006 526 4057 sq.
538 4005 544 4038 :
680 3990 707 4041 in
719 4008 774 4060 quo
785 3990 840 4059 ipse
849 4004 933 4044 castra
942 3992 1064 4058 liaberet,
1073 3996 1189 4059 venisse,
