2654 4830
226 371 299 437 ua
327 366 479 433 cous.
508 326 742 434 srmrcn.
774 370 869 436 tte.
898 372 970 437 nr.
1089 369 1131 440 31

64 508 243 571 Latrantes
261 499 376 568 mediis
392 500 518 567 circum
531 499 612 591 juga
626 498 769 567 nubibus
785 498 886 568 ibant.

65 610 226 702 Quinque
242 605 314 676 alite
328 604 464 699 paribus
476 596 619 691 (Phoebe
633 605 679 672 sie
691 599 854 697 jusserat)
869 611 968 679 armis
1101 645 1138 695 ,φ

66 716 211 783 Diversa
233 713 371 806 regione
390 724 508 792 ruunt,
525 710 716 804 ducuntque
735 711 907 781 cohortem

68 822 219 913 Quaeque
234 843 350 903 suam3
365 818 464 884 variae
480 816 595 884 formis
609 831 642 884 et
656 831 754 910 gente
771 834 955 912 sequuntur

67 927 275 1019 Ingenioque
294 948 414 993 canes:
434 920 497 991 illae
515 922 724 1016 gravioribus
743 939 828 1018 aptae

69 1031 262 1117 Morsibus3
277 1030 329 1098 hae
351 1028 491 1123 pedibus
513 1027 658 1116 celeres3.
672 1030 725 1097 hae
745 1054 824 1098 nare
843 1054 996 1126 sagaces3

70 1139 283 1230 Hirsutaequc
304 1134 450 1204 fremunt
470 1138 611 1221 Cressae,
632 1150 813 1229 tenuesque
834 1140 999 1228 Lacaena,
1080 1182 1087 1201 -
1102 1177 1139 1212 u„

71 1244 263 1337 Magnaque
284 1257 455 1310 taurorum
478 1240 634 1309 fracturae
653 1241 738 1309 colla
757 1244 930 1312 Britanna.

72 1348 248 1417 Dalmatiae
268 1348 360 1416 lucos
376 1346 583 1440 abruptaque
601 1346 737 1416 brachia
756 1348 851 1417 Pindi

73 1458 196 1550 Sparsa
210 1478 340 1522 comam
356 1453 564 1521 Britomartis
580 1455 649 1551 agit
665 1479 672 1519 :
690 1468 726 1521 tu
742 1453 869 1523 Gallica
888 1459 991 1553 cingis

73 1565 214 1647 Lustra,
236 1559 482 1643 leontodamffi
502 1561 813 1652 Germanorumque
834 1562 970 1655 paludes

73 1668 190 1754 Emis,
208 1681 242 1735 et
260 1668 287 1735 si
307 1666 381 1759 quis
402 1663 556 1732 defensus
577 1665 738 1733 arundine
757 1667 865 1735 Rheni
1103 1701 1140 1739 aa

74 1776 198 1842 Vastus
220 1796 301 1866 aper
318 1773 421 1839 nimio
439 1769 554 1838 dentes
574 1773 761 1840 curvaverit
779 1798 859 1843 aevo.

73 1879 254 1947 Nubiferas
272 1876 391 1970 Alpes,
409 1877 637 1970 Apenninique
658 1903 824 1965 recessus,

75 1985 290 2078 Garganique
310 1985 402 2051 nives
424 1985 592 2077 Hecaerge
613 1999 768 2078 prompta
790 1986 913 2082 fatigat.

75 2090 258 2185 Speluncas
277 2089 415 2158 canibus
432 2089 542 2157 Thero
560 2090 699 2158 rimatur
714 2091 843 2178 Iberes,

75 2273 180 2326 Molossi
189 2293 198 2325 :
207 2289 284 2324 canes
294 2269 407 2322 venatici
417 2288 448 2322 ex
454 2269 589 2336 Molossia,
633 2273 804 2325 locis—Nou
816 2289 884 2345 puto
896 2277 989 2331 Gallia
999 2282 1088 2337 leones
1098 2286 1143 2340 bic

74 2352 151 2423 Epiri
160 2351 288 2423 regione,
297 2349 326 2401 in
339 2349 448 2402 Graecia.
634 2351 765 2422 assignare
775 2354 889 2407 voluisse
898 2372 1016 2426 poetam,
1029 2364 1101 2432 quod
1111 2386 1143 2419 ex

119 2431 184 2484 300.
195 2430 315 2483 Dubium
325 2429 393 2481 mihi
404 2441 505 2481 nonest
516 2428 590 2499 pingi
635 2432 812 2500 appellatione
826 2427 977 2507 Nymphae,
995 2438 1028 2491 de
1042 2463 1094 2513 qua
1110 2445 1144 2498 ad

74 2511 123 2564 hic
136 2528 217 2563 canes
234 2528 287 2580 pro
304 2509 397 2580 patriis
414 2508 484 2572 suls,
500 2509 591 2580 quales
637 2511 1074 2586 248‚suspicari.qnispossit:scd
1085 2544 1143 2596 quae

75 2603 161 2645 erant.
178 2591 259 2645 Certe
272 2606 346 2642 nunc
362 2589 502 2640 Britannici
515 2606 591 2641 canes
634 2590 723 2642 leones
736 2589 845 2644 dornare
859 2597 977 2650 venatrix
989 2613 1088 2670 potest,
1100 2606 1144 2658 cni

76 2669 262 2742 magnitudine
286 2682 313 2721 et
336 2669 433 2720 robore
456 2681 590 2738 prestant.
635 2670 697 2722 ferae
710 2688 764 2722 non
779 2674 897 2743 parsit?

77 2751 130 2803 Cui
144 2763 217 2803 vacat
229 2762 256 2802 et
270 2748 369 2819 volupe
379 2760 435 2812 est,
447 2748 492 2799 ille
500 2756 592 2818 -potett
676 2751 738 2802 305.
752 2751 813 2804 Non
821 2752 977 2824 ignorantia
987 2773 1072 2829 poetae
1084 2777 1145 2818 sunt

76 2831 165 2900 legere
177 2831 219 2882 Io.
235 2829 293 2881 Caii
305 2827 425 2880 Britanni
437 2825 471 2879 de
483 2827 601 2893 canibus¹
635 2829 785 2884 tribuendae
797 2833 939 2888 arundines
950 2850 976 2890 et
986 2841 1044 2909 apri
1058 2842 1084 2893 in
1097 2862 1145 2916 pa·

77 2909 240 2962 Britannicis
249 2908 348 2960 librum
356 2905 390 2959 ad
400 2907 482 2960 Cour.
494 2907 593 2960 Germe·
635 2907 744 2983 ludibus
763 2912 866 2979 Rheni;
887 2914 934 2968 sed
953 2931 1060 2973 mutatae
1082 2934 1145 2976 curn

77 2996 247 3061 rum,quem
259 2987 592 3058 poetisminoribnsetiem
636 2987 728 3041 incolis
743 2991 820 3043 faciei
839 3006 969 3048 terrarum
986 3017 992 3048 ε
1010 2999 1081 3054 unde
1097 3004 1146 3058 Pa.

78 3070 193 3138 subjecit
210 3070 389 3121 mannua.
409 3067 502 3119 Verbo
521 3069 591 3142 fraa-
635 3069 749 3131 laestina,
770 3081 797 3123 et
816 3072 950 3145 Hispania
968 3091 1056 3148 partes
1075 3102 1146 3154 que-

76 3169 137 3219 gere
152 3150 181 3201 in
197 3149 248 3201 hac
266 3166 296 3200 re
315 3164 376 3200 neus
397 3147 476 3198 etiam
495 3147 592 3199 Noster
635 3146 696 3199 dam
712 3167 768 3202 non
783 3152 945 3220 respondent
960 3157 1075 3230 antiquis
1089 3163 1146 3216 lau.

78 3227 436 3298 XXII,21.—·Argatoeqae
444 3229 515 3296 conj.
525 3226 592 3279 Vlit.
635 3225 732 3289 dibus,
763 3246 852 3302 neque
884 3232 1026 3290 Germania
1057 3254 1147 3296 nostra

78 3307 114 3361 ad
127 3308 206 3362 Grat.
217 3305 283 3360 ²36.
636 3308 798 3377 opprobriis.

123 3387 188 3440 302.
198 3387 333 3440 Dabam
343 3404 352 3437 .·
362 3386 493 3438 Dalmatia
502 3397 541 3438 est
550 3403 592 3438 re·
678 3387 744 3440 306.
763 3386 909 3442 curvaverat
923 3394 994 3464 vulg.
1011 3430 1050 3438 -
1062 3394 1146 3466 AEoo',

78 3469 124 3539 gio
144 3481 225 3538 supra
248 3467 340 3519 tinum
361 3463 535 3519 Adriaticum.
553 3496 593 3536 -3-
636 3466 655 3517 i.
668 3484 691 3518 e.
705 3466 780 3519 senio
793 3473 888 3521 curvari
900 3490 1024 3544 aprorum
1039 3477 1147 3549 dentes,

79 3547 175 3599 Poma:
188 3545 292 3600 Pindus
305 3556 343 3597 est
357 3564 433 3597 mons
443 3545 591 3598 ThetsaIlte.
637 3545 717 3597 etiarn
733 3549 912 3603 recentiorum
929 3555 1078 3612 observatio
1094 3574 1148 3628 est,

124 3625 185 3679 303.
196 3627 263 3694 Agit
275 3645 285 3677 .·
297 3624 335 3676 ita
348 3623 464 3684 excutit,
481 3625 549 3677 nibil
564 3637 594 3677 ut
637 3634 668 3677 ut'
678 3623 843 3681 Aldrovaudi
856 3628 890 3684 de
904 3633 1045 3709 Quadrup.
1059 3639 1150 3695 bifidis

78 3704 216 3777 agendam
225 3706 368 3775 relinquat.
636 3705 685 3758 lib.
699 3709 729 3771 Ι,
742 3726 770 3778 p.
787 3709 866 3763 1030.

123 3785 190 3848 304.
211 3784 346 3837 Panaa:
368 3783 510 3836 Germania
529 3785 594 3836 olim
680 3784 744 3857 307.
760 3788 875 3842 Eosdem
890 3806 992 3848 montes
1007 3797 1043 3850 ita
1061 3799 1149 3870 jungit

79 3864 594 3935 paladibnsinlestajnnntcultinimat
640 3864 727 3930 VIII,
745 3872 809 3922 106.
1064 3928 1068 3933 ‚

79 3956 175 3997 contra
193 3943 345 4008 Palaestina,
359 3943 424 3996 olim
439 3944 596 4008 cultissima,
682 3945 747 3999 308.
762 3948 879 4002 Natam
900 3952 960 4006 Vic.
980 3955 1058 4007 V'ien.
1079 3957 1149 4011 Vide

79 4021 166 4077 bodie
185 4042 277 4095 aspera
298 4036 326 4076 et
342 4022 441 4075 inculta
461 4024 552 4078 multis
568 4024 596 4076 in
641 4044 665 4076 v.
685 4027 749 4079 255.
