2654 4830
204 352 248 434 11
451 347 525 414 CL.
554 348 843 419 CLAUDIANI
872 351 1017 421 XXIV.

197 481 298 548 Vexit
318 478 508 572 Lingonico
529 476 661 548 sudatas
678 503 814 549 vomere
831 481 975 551 messes?

200 586 258 653 llla
280 610 371 680 seges
391 609 460 652 non
480 583 637 654 auxilium
657 585 758 654 modo
780 588 921 680 praebuit
940 590 1041 673 Urbi,

200 691 266 761 Sed
285 692 347 760 fuit
365 690 502 779 indicio,
515 706 676 785 quantum
691 692 768 779 tibi,
782 696 905 781 Roma,
920 693 1042 764 liceret.

88 814 92 825 “
199 798 381 867 Admonuit
395 799 548 865 Dominae
567 812 697 892 gentes,
712 800 885 893 instarque
896 805 1013 895 tropaei

200 902 341 973 Rettulit
360 905 509 998 ignotum
531 904 647 999 gelidis
664 905 804 998 vectigal
823 907 865 974 ab
887 908 962 975 oris.

201 1015 274 1079 Hoc
296 1035 428 1104 quoque
448 1011 600 1104 majestas
619 1013 766 1105 augescit
781 1010 879 1106 plena
897 1015 1050 1101 Quirini,

202 1120 362 1186 Rectores
384 1116 496 1210 Libyae
515 1116 640 1210 populo
658 1117 748 1211 quod
763 1119 875 1210 judice
889 1118 1029 1213 pallent,

199 1227 246 1292 Et
266 1237 342 1317 post
364 1224 517 1291 emeritas
540 1223 731 1293 moderator
752 1226 891 1319 quisque
913 1251 1048 1295 secures

200 1330 388 1399 Discrimen
408 1327 505 1399 letale
526 1330 634 1416 subit3
654 1330 735 1423 quid
755 1333 877 1401 Poenus
896 1348 1008 1402 arator

201 1546 268 1599 ciem
281 1545 377 1597 habet:
391 1545 448 1615 ipsa
465 1545 652 1616 septentrionis
666 1564 712 1617 ap·
757 1565 770 1598 a
774 1546 856 1616 judice
867 1546 979 1616 populo,
989 1565 1073 1617 quum
1081 1518 1286 1614 1110111110-

202 1625 310 1696 pellatio
318 1627 372 1696 jam
385 1624 530 1678 sterilitatis
541 1637 632 1679 uotam
643 1624 715 1679 vide·
756 1637 823 1677 stem
832 1623 990 1696 judicatum,
1001 1625 1211 1700 damnatumque
1219 1630 1285 1683 Gil-

202 1719 247 1758 tur
261 1705 374 1757 trahere.
757 1701 872 1768 donem,
895 1718 922 1757 et
944 1706 1014 1758 bona
1039 1707 1108 1760 illius
1128 1709 1281 1778 publicata.

248 1791 294 1854 94.
310 1786 456 1854 Lingonicus
474 1784 521 1836 has
539 1802 635 1836 messes
653 1784 715 1842 Cel·
758 1785 1023 1855 Caeterum‚primum
1032 1787 1147 1839 intuenti
1156 1789 1284 1842 hunclo·

205 1865 286 1918 larius
307 1883 321 1916 0
344 1861 504 1933 Burgundio
527 1861 645 1926 ducatu,
665 1864 714 1917 ubi
758 1882 819 1916 cum
839 1862 926 1917 videri
948 1878 1035 1936 potest
1055 1867 1108 1918 hoc
1132 1867 1184 1920 sibi
1205 1870 1283 1921 velle

204 1944 349 2000 Diviouum
362 1955 401 1996 cst
415 1934 511 2013 (Dijon
525 1939 716 2013 hodie),repe·
759 1943 937 2009 Claudianus,
948 1958 1055 2016 captum
1065 1945 1281 2010 Tabracae(vid.

204 2024 261 2077 tit:
291 2027 425 2093 Lingonum
451 2022 568 2075 nominis
593 2023 715 2081 umbram
758 2024 840 2088 XIX,
854 2015 918 2094 71),
933 2024 1090 2089 Gildonem,
1104 2028 1280 2100 Romamque

202 2114 290 2157 servat
306 2105 423 2172 Longam,
441 2100 522 2168 Quod
540 2103 639 2154 sudatus
655 2122 715 2154 mes·
757 2101 917 2170 deductum,
936 2103 1069 2176 judicium
1083 2105 1122 2158 ibi
1136 2106 1279 2178 quoddam

120 2248 122 2253 Ι
203 2203 239 2235 ses
265 2181 353 2249 dicit,
379 2202 434 2235 nou
458 2180 551 2235 durius
574 2195 613 2236 cst
635 2202 715 2253 quam
759 2185 1281 2260 0100011100οω101111101001111011110·

203 2264 321 2328 XXXV,
340 2266 374 2316 16
386 2300 394 2328 ,
406 2263 495 2317 sudata
510 2267 596 2314 marito
611 2263 714 2324 Fibulo,
758 2264 849 2316 sertim
861 2264 944 2329 XXI,
960 2269 1032 2318 362:

203 2357 250 2398 aut
263 2343 398 2405 LXXIII,
419 2361 452 2396 12
466 2382 474 2408 ‚
489 2342 578 2394 sudata
595 2363 658 2395 zona
671 2342 716 2396 Se·
757 2351 911 2404 Fractarumque
922 2365 967 2390 1001
979 2351 1050 2391 humili
1060 2352 1096 2393 sub
1106 2353 1174 2404 judice
1184 2354 1260 2394 vultus.

113 2404 122 2427 ¹
205 2444 268 2477 renae
282 2423 406 2489 manibus,
425 2423 455 2477 h.
470 2443 495 2476 e.
508 2424 640 2476 elaborata
654 2443 715 2477 cum
760 2421 814 2476 Sed
834 2423 874 2475 ibi
898 2426 950 2492 jam
975 2423 1157 2491 ostendimus,
1179 2425 1214 2479 de
1241 2446 1272 2480 eo

204 2505 310 2558 sudore.
323 2506 426 2557 Verum
439 2524 533 2556 vomere
548 2504 642 2556 sudam
657 2524 715 2556 mes·
758 2521 835 2573 agere
847 2513 967 2573 poetam,
985 2503 1060 2574 quod
1071 2505 1194 2558 futurum
1205 2521 1273 2571 erat,

179 2610 184 2617 ·
203 2605 239 2637 ses
246 2583 348 2656 aliquid
356 2586 469 2638 monstri
476 2583 603 2637 videntur
609 2585 716 2648 habere,
760 2583 811 2634 nisi
824 2596 979 2652 occupasset
990 2585 1074 2636 fatum
1086 2583 1178 2638 Gildo.
1187 2587 1273 2639 Etiam

203 2676 275 2718 certe
284 2663 412 2734 quiddam
421 2664 566 2733 siugirlare,
576 2664 622 2715 cui
631 2663 717 2715 simile
759 2659 828 2713 illud
845 2661 897 2714 hoc
908 2662 937 2714 in
952 2664 1013 2716 1000
1026 2663 1213 2733 admonendos
1223 2686 1274 2737 pu·

203 2743 326 2797 nondum
341 2744 521 2796 observatum.
759 2755 845 2794 tamus
854 2743 980 2808 lectores,
992 2744 1015 2796 si
1025 2744 1160 2797 tribuisset
1167 2746 1273 2800 fortuna

245 2824 292 2891 95.
302 2824 388 2875 Auaii.
400 2841 448 2873 non
457 2822 508 2872 ulla
516 2841 582 2891 seges
593 2822 627 2873 al·
758 2835 865 2892 poetam
870 2821 1020 2877 Claudiano
1029 2824 1151 2889 similem,
1158 2825 1273 2879 Arcadio

246 2907 293 2973 96.
302 2903 440 2967 Quantum
445 2901 538 2959 liceret
544 2904 646 2967 Roma,
651 2900 717 2974 quid
760 2914 786 2954 et
798 2903 1118 2974 constantinopolitanis,
1130 2906 1217 2958 multa
1225 2925 1273 2959 nos

204 2984 250 3036 illa
269 2982 372 3053 erigere
388 2994 476 3052 posset
493 3000 506 3034 a
527 2981 648 3053 populis,
663 2978 731 3034 hoc'
758 2983 874 3035 lecturos
890 2983 961 3036 forte
976 2983 1055 3037 fuisse
1068 2982 1136 3036 dura
1150 2985 1180 3037 in
1200 2985 1273 3039 Stili-

204 3063 325 3133 exemplo
337 3062 439 3133 patuit:
451 3080 530 3132 posse
538 3062 591 3114 illis
598 3061 715 3114 frumen·
759 3063 874 3116 chonem
885 3061 919 3115 de
934 3063 1039 3128 Rufini,
1060 3065 1201 3135 Eutropii,
1216 3066 1272 3118 Gil-

205 3157 262 3197 tum
270 3141 400 3214 imperari
410 3154 438 3194 et
448 3141 512 3195 alias
523 3141 634 3212 species,
651 3161 716 3212 quas
759 3141 837 3195 donis
849 3141 982 3196 laudibus.

203 3223 320 3294 antiquo
328 3242 381 3276 sure
397 3222 520 3283 Domina
533 3222 680 3276 conferant.
804 3239 868 3275 100,
880 3222 966 3292 Libyci
978 3223 1011 3275 al.
1024 3223 1107 3294 Lihyoe
1120 3223 1201 3276 etiam
1213 3226 1271 3277 Bas.

246 3305 291 3373 98.
319 3303 439 3374 Vectigal.
456 3303 539 3355 Roma
558 3302 650 3357 retulit
664 3321 716 3373 pro
804 3319 868 3354 101.
883 3303 945 3354 Post
962 3306 1072 3354 emeritas
1085 3323 1186 3356 secures.
1208 3305 1271 3357 Post

203 3382 326 3455 vectigali
346 3380 474 3437 hactenus
489 3381 610 3436 inaudito
625 3383 717 3454 fruges
760 3394 861 3450 gestum
874 3381 1035 3453 imperium,
1046 3395 1106 3454 post
1117 3384 1221 3454 expleta
1231 3382 1273 3435 ad-

203 3482 234 3516 ex
256 3460 359 3534 frigidis
379 3464 432 3516 oris
454 3463 619 3528 Germaniam
642 3461 716 3533 quod
760 3456 960 3516 ministrationis
979 3481 1032 3515 suae
1049 3475 1176 3534 tempora
1199 3465 1271 3516 Eme-

203 3542 316 3612 vectigal
331 3543 424 3611 tropaei
437 3555 463 3595 et
473 3543 592 3606 victorias
600 3544 716 3614 speciem
761 3544 821 3592 ritus
834 3539 901 3612 quid
917 3542 950 3594 sit
957 3582 965 3608 ‚
981 3541 1199 3613 supradiximus.

202 3624 290 3676 habet.
804 3640 866 3673 10².
879 3621 949 3691 Quid
958 3623 1047 3674 Poenus
1058 3621 1273 3675 aratordecuma·

244 3722 291 3772 99.
307 3701 364 3753 Hoc
374 3719 465 3770 quoque
476 3713 634 3772 argumento
647 3705 715 3756 1011-
759 3720 836 3766 rum,
852 3700 895 3753 rel
913 3702 1007 3755 tributi
1021 3703 1211 3774 cujuscumque
1223 3722 1272 3755 no-

201 3782 280 3837 110011
299 3783 450 3852 augescitque
470 3783 578 3849 majestas
603 3782 713 3849 Quirini,
760 3782 833 3834 mine
853 3783 963 3834 intulerit
984 3783 1077 3835 erario
1098 3783 1270 3852 provinciali,

203 3863 321 3916 obsoleta
333 3860 427 3931 populi
440 3879 509 3913 rom.
526 3861 624 3931 gloria,
638 3861 715 3932 quod
749 3875 873 3934 ‚quantum
884 3863 1080 3916 frumentorum
1091 3862 1273 3934 merciumque

200 3944 312 3994 Rectores
321 3952 352 3992 ut
362 3940 474 4004 Africae,
485 3941 522 3993 ita
533 3940 643 3993 aliarum
656 3960 716 4011 pro·
760 3943 871 3995 aliarum
889 3945 1046 3994 transmiserit
1056 3942 1085 3994 in
1101 3943 1205 3995 Italiam
1220 3944 1272 3995 hn-

201 4023 364 4087 vinciarum,
371 4020 481 4092 pellem,
497 4033 524 4073 01
532 4021 715 4073 metuuntsibi
759 4021 848 4074 midas
858 4035 884 4075 et
890 4023 1027 4093 pluviosus
1034 4023 1135 4084 Auster,
1143 4024 1175 4075 01
1184 4023 1272 4074 Africa
1284 4070 1286 4072 .
