2654 4830
254 383 325 450 DE
353 382 502 452 CONS.
531 383 757 451 STILICH.
786 384 880 450 le.
910 384 982 450 Ill.
1105 406 1147 452 ar

104 511 289 600 Transtulit,
311 528 344 582 et
362 513 525 607 Phrygios
547 515 698 582 Genitrix
717 515 836 582 turrita
857 513 975 583 leones

104 620 165 687 Huc
183 619 378 688 defensurus
399 619 534 687 morbos
552 620 751 714 Epidaurius
773 620 893 714 hospes

100 725 247 819 Reptavit
268 725 399 819 placido
416 739 545 810 tractu,
560 740 759 819 vectumque
780 751 840 820 per
861 726 966 794 undas

16 847 20 854 ·
95 829 199 899 Insula
216 832 386 901 Paeonium
407 833 489 899 texit
501 831 654 899 Tiberina
671 831 860 900 draconem.
935 862 940 871 ¹

147 940 235 1005 Hanc
254 953 292 1006 tu
312 963 387 1006 curn
405 938 557 1032 Superis,
572 936 709 1006 Stilicho
727 937 902 1032 praeclare,
917 938 1028 1006 tueris.
1115 984 1119 991 ,

85 1038 237 1137 Protegis
257 1044 344 1112 hanc
361 1042 494 1137 clypeo,
512 1058 651 1112 matrem
670 1069 852 1138 regumque
870 1044 1075 1137 ducumque,
1113 1066 1151 1120 ¹7⁵

79 1141 321 1243 Praecipueque
341 1163 458 1217 tuam:
478 1149 568 1218 dedit
588 1151 660 1218 haec
680 1151 812 1218 exordia
834 1149 914 1219 lucis

72 1245 272 1342 Eucherio,
294 1278 500 1349 puerumque
522 1256 630 1324 ferens
651 1256 818 1350 hic'regia
840 1270 945 1325 mater

65 1353 236 1455 Augusto
256 1363 455 1430 monstravit
475 1386 558 1448 av03
577 1360 702 1431 laetatus
724 1377 758 1430 at
779 1361 833 1430 ille

60 1456 223 1535 Sustulit
244 1470 279 1534 in
297 1469 395 1561 Tyria
411 1462 600 1562 vreptantem
623 1482 715 1536 veste
735 1461 910 1562 riepotem:

60 1558 260 1667 Romaque
281 1575 414 1641 venturi
431 1573 596 1666 gaudebat
614 1575 749 1668 praescia
770 1574 846 1660 fati,
930 1661 934 1672 ἡ
1114 1605 1150 1641 no

56 1671 187 1768 Quod
209 1695 241 1748 te
260 1680 329 1773 jam
351 1693 444 1747 tanto
466 1682 641 1749 meruisset
658 1681 796 1774 pignore
819 1682 934 1748 civem.

130 1887 193 1938 171.
207 1871 355 1940 Depulsuna
369 1872 441 1942 vulg.
459 1872 597 1939 &sensurus
639 1871 806 1925 medicorum
824 1873 964 1941 conjuncta
980 1883 1055 1936 sunt,
1068 1871 1148 1924 etiam

54 1935 163 2002 MSS·
189 1950 340 2020 depressurae
363 1951 445 2004 Vien.
471 1983 512 1994 -
535 1953 595 2006 Lis.
639 1963 759 2004 nostrum
784 1965 908 2024 poetam,
930 1963 1058 2022 apparet,
1078 1970 1103 2004 v.
1122 1971 1148 2022 g.

55 2016 596 2102 Epit.XI:·Quumcivitaspestilentia
639 2033 750 2096 XXVI,
769 2051 835 2084 121.
1080 2051 1084 2059 ’

53 2096 235 2172 laboraret,
250 2110 324 2162 missi
338 2110 435 2180 legati,
452 2123 484 2162 ut
504 2114 595 2164 AEscu-
682 2118 747 2180 174.
757 2112 831 2163 Hane
840 2114 966 2177 Romam,
976 2113 1050 2180 cujus
1061 2110 1149 2165 adbuc

55 2177 150 2260 lapii
165 2189 271 2260 signum
284 2191 396 2241 Romam
410 2189 444 2242 ab
459 2189 594 2260 Epidauro
640 2189 736 2242 decora
750 2203 777 2243 et
790 2190 883 2243 laudes
896 2203 1023 2242 enarratae
1036 2205 1106 2244 sunt.

57 2269 279 2334 transferrent,
298 2287 429 2340 anguem,
451 2270 500 2340 qui
519 2289 546 2322 se
566 2270 595 2322 in
683 2270 746 2339 175.
760 2271 814 2322 Pro
827 2283 939 2332 matrem,
951 2275 1057 2339 patratam
1069 2271 1150 2324 MSS.

56 2357 180 2400 navem
197 2367 293 2400 eorum
310 2349 477 2413 contulerat,
491 2348 520 2400 in
541 2367 595 2419 quo
682 2368 746 2419 177.
759 2351 836 2419 Regia
848 2350 1045 2401 matertserena
1055 2351 1150 2420 regalis

58 2418 173 2495 ifssnm
187 2446 288 2480 numen
307 2447 362 2481 esse
377 2428 530 2492 constabat,
548 2427 595 2507 de·
639 2426 759 2497 degente
770 2429 976 2499 imperatorum,
989 2428 1043 2479 filia
1054 2429 1149 2482 liono-

58 2507 596 2578 portaverc3eoqueininsulamTiberis
638 2508 692 2569 rii,
716 2519 741 2558 et
760 2507 814 2559 filia
840 2507 963 2578 adoptiva
981 2506 1148 2573 Theodosii,

64 2586 595 2658 egresso,e0dem10c0aedesAEscutapio
639 2588 713 2657 cujus
722 2585 836 2657 proinde
848 2606 930 2658 nepos
942 2598 981 2639 est
991 2586 1146 2641 Eucherius.

65 2677 240 2720 consecrata
259 2680 306 2720 est·
326 2692 338 2714 ι
358 2668 471 2719 Enarrat
488 2667 595 2738 copiose
639 2695 679 2706 -
692 2667 759 2718 Hinc
771 2666 848 2719 MSS.

67 2749 174 2798 omnia
185 2765 216 2799 ex
225 2747 282 2799 aliis
291 2746 412 2798 Freinsh.
423 2747 450 2798 in
458 2745 593 2817 Supplem.
683 2749 748 2815 178.
764 2747 833 2799 Avus
850 2759 876 2798 et
891 2764 962 2815 nepos
977 2744 1010 2797 ad
1027 2745 1150 2817 adoptio·

71 2817 133 2890 11,
147 2845 179 2878 12
193 2845 235 2896 sq.
249 2856 289 2868 -
300 2827 448 2892 Defensurus
461 2826 506 2877 bic
517 2826 595 2896 poni·
638 2843 701 2876 nem
712 2826 875 2878 referuntur.
884 2824 1065 2895 Adoptaverat
1077 2827 1149 2878 enim

73 2907 133 2956 tur
145 2905 252 2976 antiqua
265 2905 381 2971 ratione,
390 2923 471 2975 quam
482 2905 597 2958 illustrat
639 2904 780 2969 Serenam,
794 2905 946 2957 Stilichonis
959 2924 1085 2970 uxorem,
1096 2907 1149 2958 fra·

77 2975 226 3050 Heinsius,
239 2997 268 3037 et
286 3003 334 3056 ego
348 2985 377 3036 in
392 2984 549 3051 Thesauris,
565 2997 597 3037 ut
640 2984 736 3036 trissui
747 2983 1149 3049 Honoriifiliam,Theodosius.

79 3061 241 3134 depulsores,
259 3065 352 3122 XXII,
371 3064 437 3133 389.
640 3061 703 3114 vid.
718 3065 827 3127 XXIX,
846 3070 911 3126 104,

89 3166 91 3170 ⁴
131 3144 319 3214 173.Poeonius
328 3143 418 3206 druco,
435 3161 513 3214 quem
528 3142 597 3195 inse·
683 3162 747 3212 179.
766 3143 931 3195 Eucherium
953 3143 1015 3195 facit
1036 3163 1151 3215 noppupo·

88 3218 130 3275 dir
139 3223 315 3294 AEsculapius,
328 3223 376 3294 qui
385 3224 480 3289 Paeon,
492 3223 596 3286 Παιὼν,
638 3225 767 3292 strantes,
785 3235 815 3274 ut
830 3221 944 3294 prodere
960 3225 1011 3292 jam
1029 3222 1151 3275 videatur

86 3300 347 3370 Hatitsfflatalosnon
354 3303 597 3373 minus,quampa·
639 3319 698 3372 spes
711 3303 845 3372 improbas
861 3301 1031 3366 Stilichonis,
1044 3315 1070 3354 et
1085 3322 1148 3355 con·

93 3389 129 3432 tm
141 3383 223 3453 ipsius
236 3380 357 3454 Apollo,
371 3393 482 3434 vocatur
497 3382 595 3451 passim
639 3381 696 3432 silia
708 3380 788 3443 adeo,
801 3400 914 3452 quorum
928 3399 1033 3450 poenam
1046 3401 1101 3434 non
1113 3383 1149 3435 ita

94 3456 229 3531 inhymnis
235 3463 361 3533 antiquis,
367 3460 441 3533 quod
448 3459 552 3513 ostendi
562 3459 595 3513 ad
639 3461 723 3512 multo
736 3474 797 3531 post
811 3460 861 3512 luit
874 3463 952 3529 jure,
966 3461 1080 3530 injuria,
1094 3474 1150 3514 tota

96 3535 205 3595 Manuos·
219 3543 399 3595 Cassellanum
413 3542 516 3594 Comm.
534 3539 594 3593 Soc.
639 3541 746 3593 familia.
1000 3540 1002 3547 '

99 3617 205 3691 Gotting.
230 3634 249 3673 t.
271 3623 312 3687 11,
332 3641 360 3692 p.
382 3623 436 3690 287
455 3640 493 3692 sq.
515 3620 596 3685 Quod
684 3619 1047 3690 180.Totovulg.tantoMSS.
1053 3633 1152 3690 pectore

99 3694 153 3752 dicit
168 3714 246 3772 poeta
266 3705 343 3764 terit,
363 3700 476 3771 intelligi
491 3700 549 3751 vult
564 3719 596 3752 ex
640 3700 700 3752 Vic.
720 3701 799 3753 Vien.
820 3701 878 3752 Bas.
903 3701 989 3770 Marg.
1004 3731 1044 3741 -
1064 3701 1149 3752 Roma

100 3773 213 3845 historia,
234 3781 373 3833 evanuisse
394 3779 536 3832 draconem
566 3779 595 3830 in
640 3791 743 3850 sperat,
764 3793 790 3832 te
808 3780 837 3831 in
856 3793 992 3850 posterum
1009 3780 1154 3849 pmprium

101 3853 192 3925 insula,
207 3878 266 3930 quae
285 3858 348 3912 inde
364 3859 508 3930 AEsculapii
526 3857 595 3910 dicta
640 3858 691 3911 sibi
703 3871 730 3911 et
742 3871 901 3931 perpetuum
915 3860 1000 3911 civem
1016 3859 1151 3922 futurum,

101 3947 139 3987 eat.
149 3939 274 3992 Caeterum
290 3941 387 3991 Paeonii
396 3939 533 4009 epitheton
544 3939 596 3990 lat'e
641 3951 791 3992 amaturum
798 3941 889 3991 Romae
895 3938 1029 4003 habitare,
1039 3936 1111 4008 quod
1121 3955 1154 3990 ea

102 4017 227 4073 extendere
235 4018 270 4072 ad
282 4019 388 4084 omnia,
401 4036 530 4088 quaecum
542 4031 597 4070 arte
641 4018 739 4089 pignus
749 4019 815 4083 sibi,
826 4019 988 4071 Eucherium
998 4030 1088 4075 tuum,
1103 4015 1152 4080 des

954 4112 995 4206 23
