2654 4830
829 151 847 193 h

246 369 318 435 ne
347 368 496 438 cons.
524 328 752 435 sermon.
782 368 878 435 Lm.
907 369 982 435 111.

78 499 222 569 Retibus
238 512 272 567 et
292 499 428 568 clathris
446 498 547 567 dilata
564 512 671 565 morte
689 496 840 565 tenende

79 605 318 698 Ducenquue
338 604 431 673 ferae:
448 605 585 698 cupidas
604 618 714 671 arcete
732 603 877 696 sagittas.

80 702 291 782 Consulis'in
313 709 466 804 plausum
488 711 612 780 casuris
633 710 759 803 parcite
777 711 941 780 monstris.

79 817 254 887 Acceleret
276 817 379 885 divisa
403 816 637 902 1nanus3mihi
656 840 772 883 cursus
790 815 926 885 anhelas

79 923 241 992 Tenditur
255 923 298 991 ad
313 924 424 1016 Syrtes
441 949 448 990 :
463 948 596 991 mecum
611 923 738 990 Dictaea
754 923 895 1015 Lycaste

15 1078 18 1082 -
79 1035 125 1098 Et
139 1054 251 1098 comes
274 1029 357 1123 Opis
379 1043 456 1097 eat:
477 1027 602 1096 steriles
617 1029 712 1120 juvat
733 1029 780 1095 ire
802 1052 862 1121 per
880 1043 989 1096 aestus.

78 1138 235 1228 Namque
255 1134 342 1203 feras
360 1133 430 1202 aliis
451 1133 546 1203 tellus
562 1135 730 1201 Maurusia
747 1133 873 1201 donum

80 1241 249 1310 Praebuit:
268 1240 346 1308 huic
357 1240 426 1308 'soli
447 1240 562 1328 debet,
581 1264 643 1308 ceu
660 1241 761 1324 victa,
777 1240 951 1309 tributum.

79 1350 173 1416 Dum
191 1372 253 1414 nos
273 1345 446 1415 horribiles
468 1347 582 1440 Libyae
601 1360 789 1414 scrutamur
812 1345 979 1431 alumnos,

79 1458 225 1547 Europae
250 1477 309 1520 vos
331 1454 457 1520 interea
479 1453 659 1546 perquirite
678 1450 792 1537 saltus,

80 1563 126 1627 Et
142 1558 296 1653 scopulos
312 1584 319 1626 :
338 1559 445 1652 posita
463 1557 555 1626 ludat
570 1557 745 1626 formidine
760 1572 890 1650 pastor,

80 1668 280 1758 Securisque
298 1679 396 1733 canat
414 1663 629 1733 Stilichonem
646 1662 754 1731 fistula
774 1663 871 1733 silvis.

80 1775 181 1839 Paeet
198 1770 392 1838 muneribus
410 1785 540 1839 montes
558 1772 614 1864 qui
631 1769 759 1864 legibus
781 1770 889 1839 urbes.
905 1800 922 1834 »

134 1879 243 1964 Dixit,
262 1891 296 1944 et
316 1874 481 1970 externplo
501 1876 658 1946 frondosa
677 1876 783 1944 fertur
798 1876 840 1944 ab
856 1875 940 1972 Alpe
1115 1909 1152 1947 ‚ss

124 2099 190 2150 ²7²·
207 2080 328 2133 Claustrr's
347 2080 419 2150 vulg.
443 2079 543 2130 clatlrrs
564 2097 595 2132 ex
639 2079 755 2144 indicat,
767 2092 899 2150 quatenus
914 2082 1041 2134 Romanis
1054 2084 1150 2153 paruit.

79 2160 158 2212 MSS.
179 2160 271 2212 Heius.
293 2157 367 2230 quod
387 2177 486 2211 nomen
501 2159 546 2213 hic
562 2159 595 2210 il·
639 2160 702 2212 Haec
725 2161 867 2213 Stilichoni
890 2160 1003 2213 tributum
1024 2163 1094 2214 debet
1116 2163 1151 2215 ob

79 2242 184 2293 lustrat.
197 2238 250 2292 Sed
262 2240 332 2293 conf.
345 2239 483 2302 XXVIII,
496 2239 563 2309 637.
640 2238 774 2292 devictum
791 2239 943 2293 Gildonem.

124 2326 189 2389 ²74·
204 2319 338 2372 Monstris:
350 2318 412 2370 feris
427 2317 593 2370 monstrosis.
681 2339 746 2389 ²79·
762 2319 814 2371 Sed
824 2323 890 2371 nicta
903 2319 980 2372 MSS.

125 2399 195 2469 275,
208 2399 349 2468 276.Dum
358 2418 439 2449 cursus
450 2396 526 2448 MSS.
538 2397 597 2448 milri
683 2401 746 2451 281.
764 2400 874 2468 Europes
887 2400 946 2470 Guj.

78 2498 164 2530 currus
179 2477 255 2530 MSS.
268 2478 347 2530 etiam
361 2479 420 2548 Cuj.
436 2509 475 2519 —
487 2476 596 2528 Anhelas
681 2481 747 2531 282.
770 2478 866 2528 Laudet
880 2477 957 2530 MSS.
974 2507 1013 2518 —
1032 2479 1152 2532 Effectus

79 2559 187 2632 Syrtes,
209 2577 265 2610 non
286 2555 359 2629 quod
381 2557 470 2627 Syrtes
495 2556 596 2608 anhelas
639 2556 851 2626 conquisitarum
866 2555 899 2609 ad
914 2556 1005 2609 Ludos
1022 2558 1151 2626 ferarum,

79 2639 144 2703 sint,
155 2636 202 2690 sed
214 2635 289 2708 quod
300 2632 391 2690 curs'us
399 2635 539 2707 adSyrtes,
548 2654 596 2687 seu
638 2648 710 2688 certe
738 2637 885 2706 probabilis
909 2636 1151 2708 conquirendorum

79 2720 138 2770 loca
162 2717 287 2790 Syrtibus
309 2717 417 2781 vicina,
440 2713 529 2767 reddit
553 2733 596 2767 me
638 2715 784 2783 obtentus,
809 2717 935 2770 securitas
963 2731 1100 2788 pastorum
1124 2731 1152 2772 et

80 2797 258 2849 anhelantem.
292 2795 382 2867 Syrtes
415 2807 503 2847 autem
533 2807 596 2847 sunt
638 2814 760 2866 gregum.
779 2796 835 2860 Qui
853 2796 918 2849 tales
931 2796 1021 2871 Ludos
1039 2811 1151 2867 parant,

80 2878 168 2930 acervi
186 2895 329 2929 arenarum
351 2874 383 2928 ad
406 2875 535 2945 Libyam,
558 2874 595 2926 sic
639 2875 679 2926 illi
689 2876 745 2929 suis
757 2875 799 2927 his
811 2877 944 2928 muneribus
956 2889 1064 2947 pacaret,
1077 2896 1153 2930 secu·

79 2956 160 3009 dietas
171 2958 221 3009 ἀπὸ
232 2963 275 3008 τοῦ
290 2958 378 3026 σὺριιν,
392 2954 507 3018 trahere,
521 2953 595 3024 quod
638 2974 735 3025 rosque
746 2956 870 3025 gregibus
875 2970 1001 3028 prestant
1012 2970 1115 3010 montes
1124 2971 1150 3010 et

80 3036 157 3089 velut
172 3036 279 3088 trahere
290 3033 433 3088 videantur
447 3053 535 3087 naves.
554 3047 597 3074 -“
639 3035 732 3088 silvas:
747 3035 798 3087 hoc
817 3037 887 3088 enim
905 3055 960 3089 esse
974 3056 1077 3106 pacare,
1094 3038 1150 3109 ipsa

80 3117 165 3190 Syrtes
180 3116 226 3168 hic
248 3113 281 3166 ad
297 3114 414 3167 Africam
435 3131 541 3166 omnem
560 3113 596 3166 si·
638 3113 748 3167 honesta
758 3115 802 3166 illa
813 3116 947 3186 oppositio
960 3115 1053 3179 docet,
1059 3136 1150 3186 pacare

80 3194 215 3268 guandam
245 3193 355 3247 adhibet
387 3207 488 3264 poeta,
514 3211 595 3263 qnam
639 3195 708 3245 urbes
721 3195 820 3263 legibus.
834 3196 949 3248 Delicata
963 3196 1044 3267 igitur
1057 3196 1150 3250 lenset

79 3267 231 3329 crudelium
251 3273 374 3344 inprimis
389 3285 416 3325 et
434 3285 596 3326 monstrosa·
638 3275 770 3326 excusatio
785 3272 938 3327 Stilichonis
951 3275 1003 3327 hoc
1020 3275 1150 3328 versiculo

80 3374 145 3409 rum
155 3357 273 3407 serarum
283 3354 398 3406 fertilem
404 3372 476 3419 esse,
487 3366 514 3406 et
523 3353 595 3420 Afri·
638 3355 799 3406 continetur.

80 3454 196 3486 cartarum
210 3433 354 3505 appellatio
368 3433 461 3494 docet,
479 3450 532 3502 quo
545 3451 595 3484 no·
682 3436 744 3497 284.
754 3433 988 3485 Parentmuners'bm
997 3435 1058 3488 Vic.
1068 3436 1147 3489 Vien.

80 3514 155 3567 mine
176 3515 281 3578 leones,
302 3512 395 3583 tigres,
415 3510 508 3583 pardi,
528 3531 594 3582 pan·
639 3515 733 3564 Parent
744 3513 877 3564 numinibus
892 3526 997 3574 montes,
1013 3527 1040 3565 nt
1051 3515 1150 3586 reliqui

81 3595 164 3647 therae
171 3590 446 3664 comprehenduntur,
452 3604 479 3645 et
486 3611 596 3663 prover·
639 3592 705 3646 edit.
715 3593 794 3644 Plane
804 3610 908 3649 versum
917 3594 1008 3646 omisit
1017 3586 1149 3647 manuscr.

79 3674 157 3728 bium
166 3671 233 3725 illud
249 3686 341 3725 ortum
350 3660 386 3724 ait
394 3672 595 3737 Plinius‚VIII‚
642 3672 754 3725 Claverii
766 3709 774 3732 ,
786 3684 814 3723 et
827 3673 884 3744 ipse
892 3673 960 3725 nibil
976 3673 1053 3724 illurn
1067 3675 1103 3726 ait
1114 3693 1155 3726 sa-

84 3757 121 3806 16
135 3772 177 3822 pr.
191 3778 202 3799 ι
216 3753 326 3823 Semper
336 3751 435 3822 aliquid
449 3752 511 3804 novi
523 3751 595 3804 Atri-
640 3771 704 3822 pere
715 3771 722 3805 :
732 3752 770 3804 sic
782 3765 809 3804 et
819 3753 911 3806 Barth.
926 3754 1030 3816 Parcet,
1041 3765 1150 3823 parcent.

81 3852 141 3885 eam
155 3833 323 3885 afferre.·-
331 3831 456 3901 Dictynna
464 3832 544 3884 MSS.
637 3833 735 3902 placet,
749 3845 837 3903 paret,
850 3845 934 3903 pascet
953 3851 1084 3884 manuscr.
1104 3834 1155 3901 Qui

136 3912 196 3982 278.
224 3911 353 3964 Maurusia
378 3911 465 3974 tellau,
486 3910 596 3981 proprie
641 3913 732 3981 legibus
747 3912 930 3983 manuscripti.
942 3913 1060 3964 Debetur
1073 3912 1155 3981 igitur

80 3991 260 4057 Mauritanie3
273 3988 322 4043 sed
332 3989 378 4042 hic
388 4002 471 4043 totam
477 3991 595 4044 Africam
640 3992 750 4046 Heinsio
760 3992 892 4045 restitutio
901 3992 953 4044 loci
963 3991 1155 4063 elegantis,qui
