2654 4830
190 363 260 430 us
288 363 459 430 necno
488 361 990 468 euricofpnmmvro.
1074 361 1122 458 39

44 494 196 586 Ingenio
214 495 334 561 minuit
353 518 478 561 merces
497 508 674 587 properata
696 493 853 561 favorem.

106 600 323 679 Carminibus
340 600 470 667 veniam
490 601 624 693 praemia
646 614 737 667 tanta
757 615 901 693 negant:
973 592 976 597 ’

49 704 96 769 Et
114 707 222 799 magis
241 707 368 774 intento
385 705 529 773 studium
547 729 682 775 censore
700 703 845 790 laborat,

109 811 214 898 Quod
232 810 373 903 legimur
389 811 498 880 medio
516 812 804 905 conspicimurque
826 810 910 879 foro.

52 914 214 984 Materies
235 931 348 985 tamen
367 919 437 1011 ipsa
454 919 566 1010 juvat,
585 916 782 1010 solitumque
798 917 925 985 timoris
1100 945 1123 991 n

110 1023 253 1091 Dicturo
267 1046 389 1117 magna
406 1022 519 1092 sedula
536 1038 630 1117 parte
644 1021 741 1091 levat.

55 1124 145 1194 Nam
164 1128 246 1197 mihi
265 1128 419 1197 conciliat
437 1143 546 1222 gratas
563 1130 741 1222 impensius
758 1152 854 1196 aures

114 1231 174 1300 Vel
195 1236 351 1302 meritum
372 1233 462 1318 belli,
482 1234 534 1302 vel
557 1234 746 1304 Stilichonis
765 1258 867 1302 amor.

64 1428 460 1505 sffoemsrevocamuenpoeta
470 1446 570 1487 tentam
614 1453 685 1487 sores
703 1433 885 1505 experiemur,
901 1433 976 1505 quod
992 1434 1124 1505 legamur;

67 1507 169 1576 gloriam
186 1526 332 1566 consecuto
351 1514 419 1565 nihil
436 1513 571 1566 mediocre
613 1514 665 1566 hoc
679 1527 732 1577 est,
746 1512 820 1584 quod
834 1527 926 1566 statue
940 1515 1017 1567 nohis
1031 1527 1124 1567 erecte

10 1612 12 1647 :
68 1605 232 1661 exspectatur.
242 1594 306 1645 Hrec
315 1594 475 1662 exspectatio
484 1594 571 1664 gravis
613 1594 705 1645 titulus
721 1593 850 1662 gloriosus
869 1595 972 1662 legetur
991 1594 1019 1645 in
1035 1592 1124 1646 medio

70 1669 139 1721 velut
149 1671 294 1725 adversaria
308 1685 451 1743 est,quam
463 1690 571 1742 supere-
614 1672 806 1724 foro—Medio
814 1674 889 1738 fisro,
905 1673 1026 1742 Trejsni,
1042 1685 1073 1725 nt
1086 1684 1126 1724 est

73 1747 255 1804 redifficile.-
267 1751 387 1803 Iudicium
400 1772 471 1823 quam
483 1772 571 1821 grave:
613 1752 641 1804 in
658 1752 840 1821 inscriptione.

76 1827 178 1895 oldusa,
188 1830 368 1884 honorificum
378 1829 412 1882 de
423 1844 450 1883 te
463 1845 570 1884 senatus
664 1830 707 1883 15.
724 1830 826 1883 Solitum
841 1833 947 1893 timoris,
965 1830 1074 1883 solitum
1089 1831 1124 1883 ti·

77 1904 284 1982 Imperatorisqne
291 1909 423 1982 judicium
432 1922 484 1962 tam
492 1929 572 1980 grave
613 1928 731 1975 morem,
753 1924 784 1962 ut
799 1914 919 1980 repentina
935 1910 1007 1973 belli,
1024 1922 1124 1962 etc.-

81 1997 125 2051 est,
136 1991 245 2061 tentique
254 1989 400 2061 ponderis,
409 2003 438 2049 ut
453 2007 509 2042 non
520 1990 572 2042 nisi
618 1991 735 2041 Timorem
749 1990 820 2060 vulg.

82 2081 159 2136 magna
178 2088 237 2121 cnm
261 2067 419 2123 difficultate
445 2069 570 2122 sustineri
657 2072 700 2120 16.
720 2068 828 2131 Sedulm
847 2068 964 2121 materiae
984 2068 1124 2138 epitheton

86 2147 161 2212 possit.
614 2148 681 2200 mihi
699 2149 804 2219 placere
824 2167 879 2201 non
900 2160 988 2220 potest
1007 2166 1014 2200 :
1033 2161 1124 2201 metuo

119 2242 154 2278 n.
172 2227 318 2280 Carminibus
338 2232 434 2283 veniam
450 2248 460 2281 :
478 2241 573 2300 poete,
614 2241 719 2293 tamen,
736 2248 770 2281 ne
785 2228 873 2299 potius
889 2240 974 2299 poete
991 2228 1124 2299 imputan-

88 2302 120 2352 cui
137 2316 217 2360 tantus
240 2308 326 2360 honos
349 2308 476 2379 contigit,
502 2327 572 2379 opus
614 2307 681 2360 dum
697 2309 746 2374 sit,
762 2327 842 2379 quam
857 2308 976 2361 librario.

89 2397 224 2454 componere
238 2399 344 2440 tenetur
359 2389 433 2439 omni
448 2405 482 2439 ex
496 2401 571 2458 perte
658 2390 701 2441 18.
725 2389 838 2440 Meritum
861 2388 918 2439 belli
936 2407 946 2439 .·
969 2384 1125 2456 magnitudo

89 2463 221 2532 refectum
232 2467 295 2538 quia
307 2468 381 2520 nulle
390 2466 516 2539 deinceps
526 2487 570 2522 ve·
613 2467 677 2518 belli
691 2466 795 2530 Getici,
808 2486 861 2537 qno
875 2478 998 2538 patrato,
1011 2464 1045 2517 de
1059 2465 1130 2517 urbe-

89 2538 122 2591 ¹lt
132 2545 248 2613 speranda
261 2561 309 2601 est.
613 2565 724 2598 romana
737 2545 849 2599 Stilicho
864 2560 918 2600 tam
932 2546 1000 2600 bene
1013 2545 1131 2599 meritus

122 2627 160 2685 14.
166 2626 272 2695 legimur
280 2650 290 2680 .·
300 2646 333 2681 eo
351 2628 496 2682 severiores
511 2644 572 2681 cen·
614 2626 783 2680 est-Libri
793 2627 866 2698 vulg.
