2654 4830
240 363 308 428 DE
336 361 484 430 CONS.
515 361 741 428 STILICH.
771 361 866 428 LIB.
895 362 969 427 ΙΙΙ.
1079 385 1130 437 ,ιι

71 498 185 564 Litora
205 493 354 562 fatidicas
372 493 528 562 attollunt
544 492 641 562 Delia
659 492 785 580 lauros,
913 578 916 593 .

71 601 214 670 Venturi
234 603 362 694 quoties
382 598 520 693 affulget
536 598 695 694 Apollinis
716 599 835 670 arcus?
1114 625 1142 661 a„

73 710 156 797 Quae
173 709 220 776 sic
241 707 385 775 aurifero
402 705 527 775 Pactoli
546 706 637 775 fonte
655 709 809 776 tumescit

74 813 198 908 Lydia,
219 839 321 907 quum
344 813 476 882 domitis
494 814 648 907 apparuit
661 814 763 882 Evius
782 811 898 881 lndisi

73 922 194 989 Nonne
213 919 323 1004 vides,
342 934 375 987 et
392 919 488 1014 plebe
503 921 588 1006 viae,
606 933 643 987 et
658 932 745 988 tecta
765 919 866 988 latere

76 1023 260 1095 Matribus?
275 1025 348 1111 hic,
365 1025 518 1112 Stilicho,
535 1027 663 1094 cunctis
681 1026 816 1120 inopina
834 1024 953 1093 reluxit

77 1136 122 1200 Te
139 1133 266 1202 victore
285 1127 385 1200 salus!
406 1147 530 1226 septeni
550 1133 765 1226 circumspice
783 1146 929 1212 montet,
1117 1158 1141 1193 os

78 1240 144 1327 Qui
165 1237 242 1306 solis
265 1237 373 1307 radios
393 1240 465 1306 auri
484 1236 612 1333 fulgore
633 1237 813 1324 lacessunt,

78 1345 282 1437 Indutosque
300 1368 397 1414 arcus
418 1345 548 1438 spoliis,
564 1358 757 1440 aequataque
777 1343 901 1438 templa

79 1451 249 1535 Nubibus,
266 1465 300 1519 et
319 1451 477 1545 quidquid
498 1454 582 1519 tanti
605 1465 753 1520 struxere
773 1450 944 1544 triumphi.

81 1560 251 1646 Quantum
274 1557 455 1650 profueris,
469 1572 627 1652 quantam
646 1559 827 1626 servaveris
842 1556 975 1640 urbem,

82 1775 188 1816 secretae
200 1763 240 1814 illi
255 1764 341 1827 silve,
355 1762 482 1816 videntur
492 1762 591 1817 divini·
677 1770 724 1827 64.
746 1764 887 1818 oscitatio
904 1763 983 1815 Vien.
1000 1774 1031 1813 ut
1044 1760 1103 1812 ΑΜ.
1121 1775 1146 1814 et

84 1857 123 1896 tus
133 1842 261 1895 extollere
273 1861 301 1894 se
318 1856 345 1895 et
360 1844 461 1914 erigere
476 1842 510 1896 ad
523 1843 592 1896 salu·
636 1845 711 1897 MSS.
736 1862 802 1916 quos
822 1855 926 1897 secutus
946 1842 1077 1894 Heinsius.
1100 1843 1147 1892 His

84 1921 192 1974 tandum
202 1920 283 1974 deum
295 1940 381 1976 suum.
636 1924 721 1978 Plant.
729 1945 812 1997 marg.
821 1924 874 1978 Sed
880 1927 929 1976 Hic
937 1923 995 1974 Vic.
1003 1923 1020 1974 J
1023 1933 1080 1973 unt.
1088 1922 1147 1973 Bas.

123 2002 169 2070 59.
182 2002 317 2055 Fatidiras.
330 2004 410 2056 Delos
419 2002 503 2056 insula
513 2003 594 2054 maris
637 2007 837 2061 PlantiClaver.
848 2002 1019 2058 Barth-Si
1027 2021 1081 2052 non
1094 2013 1147 2052 tam

86 2083 175 2152 AEgel‚
187 2095 243 2134 tam
256 2082 324 2134 clara
336 2083 444 2135 alumno
453 2082 593 2153 Apolline,
637 2085 827 2139 testibuslihris
836 2125 843 2149 ,
852 2103 930 2156 quarn
936 2081 1037 2156 jndicio
1043 2080 1148 2152 poetico

87 2174 115 2214 nt
130 2159 194 2213 inde
210 2162 315 2214 oracula
332 2175 503 2232 peterentur,
516 2174 542 2213 et
563 2174 594 2212 ex
637 2183 680 2217 res
695 2163 810 2235 gerenda
823 2167 871 2229 sit,
893 2165 1029 2236 preferat,
1048 2159 1147 2223 credo,

88 2240 148 2311 ipsis
163 2240 246 2293 lauris
262 2242 387 2312 praesagia
405 2260 497 2294 rerum
513 2239 593 2293 duce·
637 2244 694 2315 ipse
709 2244 833 2298 Heinsius
848 2243 989 2297 lectionem
1008 2260 1086 2312 quam
1102 2237 1149 2292 da·

86 2333 185 2372 rentur.
202 2352 241 2362 -
256 2322 350 2372 Laurus
360 2322 394 2374 al.
639 2342 713 2388 mus,
736 2325 790 2387 irie,
817 2324 845 2375 in
869 2325 918 2376 hac
932 2321 1150 2395 populosissima,

125 2407 171 2452 61·
187 2400 227 2452 Ut
241 2401 361 2454 sehabet
377 2401 456 2453 Delos
470 2399 502 2453 ad
519 2418 596 2453 suum
638 2403 817 2474 pulcherrima
824 2399 1151 2472 urbe‚cnjnsphantasian

89 2479 254 2550 Apollinem,
277 2480 314 2533 ita
340 2480 473 2534 Bacchum
494 2481 527 2532 ab
550 2480 597 2530 ln·
639 2483 783 2535 lectoribus
804 2483 910 2536 excitat.
928 2480 979 2534 Sed
1004 2497 1053 2532 nec
1073 2478 1152 2531 bonis

89 2557 145 2611 dica
169 2559 281 2614 victoria
305 2559 432 2616 reducem
455 2561 520 2613 colit
548 2577 597 2612 suo
640 2562 792 2616 auctoribus
801 2560 1153 2623 destituihanclectionem,

90 2658 147 2690 curn
168 2640 293 2705 Pactolo,
309 2659 389 2711 quem
411 2633 530 2694 Bacchus
552 2658 598 2690 aa·
641 2639 812 2696 ostendimus,

90 2717 197 2771 riferum
222 2719 361 2782 reddidit,
390 2719 485 2792 Lydia.
510 2720 599 2771 Rebus
684 2725 731 2775 66.
747 2723 819 2792 Ergo
837 2735 894 2774 turn
910 2720 998 2774 adhuc
1015 2722 1109 2771 aurum
1125 2719 1153 2770 in

91 2797 254 2865 inanimatis,
264 2801 350 2866 silvis,
361 2801 480 2866 flumini,
490 2799 600 2862 tribuit,
643 2803 731 2866 tectis,
747 2803 858 2872 tegulis,
880 2801 986 2865 statuis,
1004 2812 1030 2851 et
1046 2796 1154 2869 quidem

92 2877 160 2951 qnod
169 2881 280 2950 proprie
294 2881 443 2934 incolarum
455 2891 495 2933 est
505 2879 547 2931 vel
558 2897 600 2931 ac·
643 2900 699 2934 non
717 2899 773 2934 uno
788 2883 865 2946 loco,
884 2894 915 2934 ut
934 2882 962 2934 in
978 2879 1060 2932 domo
1077 2897 1155 2930 aurea

93 2954 226 3023 colorum,
245 2961 330 3030 figura
351 2960 459 3032 populis
475 2958 600 3011 omnibns
644 2962 772 3027 Neronis,
781 2960 827 3014 sed
836 2963 896 3014 satis
910 2963 1050 3031 frequens,
1062 2959 1090 3010 in
1102 2977 1157 3010 om-

93 3039 213 3094 naturali.
236 3049 241 3060 '
645 3042 724 3093 nibus
739 3042 813 3094 urbis
831 3043 975 3094 montibus,
994 3039 1072 3093 cont.
1095 3057 1157 3091 mox

131 3119 273 3172 62.Erias.
284 3117 337 3171 Seu
349 3119 469 3190 Euhyus.
482 3119 601 3178 Bacchus
649 3121 702 3175 133
713 3134 757 3186 ,et
769 3122 905 3185 XXVIII,
917 3121 962 3173 52.

96 3197 130 3250 tic
142 3197 341 3264 dictusaJove,
352 3199 399 3271 qui
409 3199 486 3252 illum
497 3198 602 3251 inflam-
687 3204 734 3272 67.
748 3201 829 3253 Arcus
838 3200 1011 3271 triumphales
1020 3199 1117 3270 signat,
1127 3210 1157 3249 ut

95 3295 167 3331 mans
185 3279 216 3330 in
231 3278 377 3349 Gigantes,
392 3279 552 3333 exclamabat
569 3275 602 3332 El
649 3282 708 3346 111,
724 3280 797 3348 339,
815 3281 933 3332 Vestitum
950 3280 1033 3349 spoliis
1049 3296 1159 3349 quereum

95 3357 141 3422 bie,
152 3356 246 3411 idest:
262 3361 334 3429 Age,
346 3378 363 3412 o
376 3358 430 3412 fili!
444 3360 528 3424 bene,
539 3359 588 3411 ffli.
647 3359 681 3414 de
694 3373 793 3431 tropaeo
807 3359 1053 3413 dixit-tauma
1064 3359 1097 3410 al.
1222 3418 1224 3423 ¹

134 3437 179 3490 63.
188 3439 280 3490 Latent
288 3450 360 3501 tecta,
374 3439 411 3492 ita
423 3439 531 3510 impleta
542 3452 604 3493 sunt
688 3442 734 3494 68.
750 3440 864 3493 Struaere
884 3441 997 3510 triumphi
1009 3457 1064 3491 non
1084 3451 1159 3491 arcus

97 3517 249 3571 mulieribus
263 3517 370 3571 videndi
391 3518 480 3572 studio
494 3520 604 3583 effusis,
648 3531 766 3584 tantum,
779 3538 845 3591 quos
858 3533 937 3590 poeta
948 3519 1030 3572 modo
1041 3516 1161 3570 nomina-

97 3609 126 3648 ut
148 3597 216 3650 nihil
239 3617 337 3651 eorum
364 3618 491 3671 apparere
512 3600 603 3671 possit.
648 3600 702 3664 vit,
718 3619 773 3651 non
787 3601 885 3671 templa
905 3619 937 3653 ex
950 3613 1013 3653 voto
1027 3599 1160 3652 victorum

96 3675 179 3729 Etiam
187 3677 233 3730 hic
242 3676 368 3731 decorem
376 3679 439 3733 licet
447 3681 603 3732 observare:
649 3678 774 3744 condita}
789 3680 836 3733 sed
849 3677 982 3752 quidquid
992 3679 1160 3751 publicarum

97 3757 167 3826 plebs
182 3758 279 3829 implet
297 3777 328 3810 ac
346 3759 410 3830 tegit
424 3761 478 3813 vias
490 3778 497 3812 :
510 3772 606 3811 matres
649 3763 865 3832 privatarumque
876 3758 991 3815 aedium,
1004 3757 1037 3812 de
1048 3755 1161 3830 pecunia

99 3835 223 3890 modestia
229 3837 340 3910 publico
348 3837 543 3908 prohihet5sed
550 3856 605 3890 non
650 3840 768 3893 victoriis
779 3854 871 3912 capta,
885 3854 911 3893 et
924 3853 1009 3910 egesta
1023 3858 1038 3891 e
1053 3837 1161 3909 provin-

100 3917 230 3988 refugiunt
241 3918 360 3988 conspici
369 3917 402 3971 de
412 3919 606 3989 fenestris‚po-
651 3920 713 3985 ciis,
730 3918 890 3974 aedificatum
905 3932 951 3972 est.

101 3991 163 4061 diis,
177 3999 254 4052 tectis
268 3995 344 4050 adeo.
694 4005 739 4068 69.
754 4002 859 4068 (inantia
868 4002 937 4069 conj.
947 3999 1037 4052 Heins.
