2654 4830
114 364 281 433 CLAUD.
303 363 429 430 XXIV.
448 363 511 429 DE
528 363 657 430 CONS.
678 364 865 431 STILICH.
885 365 967 431 LlB.
987 366 1049 431 ΙΙΙ.
1096 364 1115 436 5

89 503 221 579 equitum
236 515 267 559 et
286 499 379 579 plebis
397 502 508 557 animos
527 497 686 557 concordes
709 497 856 571 devinxit,
873 500 1000 558 30-50.
1025 502 1116 578 Igitur

92 606 212 664 Stilicho
227 611 328 664 Romae
349 617 377 663 et
392 603 494 662 mundi
512 623 594 662 amor
613 618 643 662 et
662 606 755 676 salus,
772 625 900 662 necnon
917 608 1010 665 factus
1026 629 1115 685 gener

92 712 278 790 Imperatoris
300 723 412 769 recreat
437 724 555 788 aspectu
580 712 758 789 populorum
782 713 910 784 animos,
936 713 1058 791 perinde
1083 736 1116 773 ac

91 815 216 875 Phoebus
237 817 343 874 Delum
364 816 488 874 insulam
506 816 670 887 invisurus,
696 830 724 874 ct
747 819 876 876 Bacchus
898 819 1015 879 domitis
1036 823 1116 880 Indis

90 921 199 992 redux,
219 921 307 978 litora
321 921 432 979 Pactoli
447 933 531 999 parat
544 922 686 980 lustrare:
702 935 762 979 tum
778 922 816 980 ob
835 925 986 984 victoriam
1008 927 1114 984 Gildo-

91 1028 184 1088 nicam
198 1027 352 1104 splendida
369 1025 525 1084 admodum
538 1031 632 1084 Roma
646 1028 770 1098 exstitit,
787 1030 888 1107 populi
902 1031 1041 1090 immensa
1056 1034 1116 1091 frc-

88 1133 223 1206 quentia,
236 1131 301 1188 auri
312 1131 424 1208 fulgore
436 1130 565 1217 undique
577 1131 728 1204 radiantis,
738 1131 863 1191 arcubus
873 1136 1096 1213 triumphalibus
1108 1183 1116 1210 ,

93 1237 207 1314 spoliis,
232 1239 407 1316 templorum
427 1238 637 1310 exstructione,
656 1250 720 1309 etc;
746 1237 870 1311 51-71.
891 1240 989 1299 Civica
1007 1262 1115 1301 corona

91 1341 255 1401 donabatur
280 1343 357 1422 apud
385 1354 498 1400 veteres
523 1343 593 1400 civis
617 1342 702 1399 unius
724 1356 875 1414 servator3
899 1342 1006 1420 quibus
1031 1344 1115 1402 donis

91 1454 183 1507 Roma
199 1448 318 1507 ornabit
336 1449 429 1507 virum
439 1491 448 1522 ,
465 1461 526 1505 tum
547 1447 649 1525 populi
673 1459 868 1519 servatorem,
886 1461 946 1504 tum
968 1448 1050 1505 lamae
1068 1468 1115 1505 vc-

90 1556 157 1626 teris
173 1570 202 1614 et
218 1556 324 1624 uirium
343 1556 562 1613 restitutorem?
579 1556 704 1626 71-80.
722 1558 786 1610 Jam
806 1572 865 1610 nou
883 1559 976 1612 Roma
991 1556 1115 1633 supplex

91 1662 233 1735 Orientis,
246 1664 315 1720 olim
329 1663 495 1733 servientis,
510 1660 632 1738 Libyam
645 1659 807 1737 ademptam
820 1679 873 1737 per
885 1660 993 1736 legatos
1006 1661 1113 1737 poscit,

88 1768 138 1826 sed
152 1788 188 1826 ex
200 1768 295 1828 veteri
307 1786 388 1825 more
402 1787 433 1824 se
448 1768 511 1845 ipsa
525 1766 669 1835 vindicat,
687 1764 760 1822 duce
774 1763 933 1824 Stilichone
945 1787 952 1820 ι
969 1786 1046 1823 nuno
1065 1786 1112 1826 se-

89 1887 170 1940 natus
184 1873 263 1933 bella
277 1873 400 1931 decretis
414 1875 488 1952 regit
504 1895 511 1928 ε
528 1878 623 1931 Ιὶοιιιᾶ7
637 1871 724 1930 decus
741 1871 867 1950 priscum
887 1874 1048 1950 reparavit,
1069 1875 1113 1932 fa-

90 2001 148 2039 sces
162 1980 304 2039 mandans
314 1993 344 2038 et
361 1981 460 2058 praelia
471 1979 637 2038 stilichoni:
650 1980 739 2036 immo
751 1979 842 2037 crevit
852 1979 1020 2057 imperium,
1036 1981 1114 2059 adje-

89 2087 140 2154 ctis
149 2086 241 2154 Gallis
256 2084 435 2156 Senonibus,
450 2098 479 2142 et
493 2085 584 2162 ipsius
596 2085 727 2162 potentia
738 2084 854 2141 emicuit
860 2085 992 2162 vectigali
999 2088 1112 2145 insueto
1192 2084 1195 2089 ’

89 2193 221 2250 messium
233 2191 474 2269 Lingoniearum3
490 2191 616 2266 81—98.
631 2191 706 2249 Hinc
720 2210 838 2268 quoque
852 2191 984 2269 majestas
998 2193 1112 2273 imperii

90 2299 205 2369 crescit,
221 2297 302 2375 quod
315 2297 531 2375 provinciarum
547 2309 576 2354 et
589 2297 722 2375 inprimis
738 2297 844 2355 Africae
862 2299 990 2376 praefecti
1008 2303 1109 2379 populi

86 2405 226 2482 judicium
241 2403 462 2482 pertimescant,
477 2415 506 2460 et
521 2401 647 2460 rationes
664 2401 787 2459 reddere
803 2415 958 2478 cogantur,
975 2405 1111 2483 superbia

89 2497 225 2575 deposita,
242 2501 356 2555 Novam
376 2495 495 2554 laudum
510 2494 658 2552 materiem
673 2493 793 2553 Stilicho
813 2506 909 2565 creat,
923 2494 992 2552 dum
1006 2516 1109 2556 mune-

90 2602 166 2662 ribus
183 2601 324 2680 publicis,
336 2601 454 2680 justitiae
468 2601 584 2680 pietati,
599 2613 630 2658 et
649 2599 774 2676 antiquis
793 2599 904 2658 artibus
924 2621 1007 2658 suum
1022 2603 1110 2663 decus

89 2709 229 2779 restituit;
245 2728 391 2784 99-112.
410 2705 471 2766 Sub
491 2711 570 2783 Rege
590 2707 640 2784 pio
655 2706 773 2765 libertas
789 2720 882 2765 exstat
899 2710 1023 2786 gratior,
1040 2710 1109 2771 dum

89 2815 237 2893 praefectos
242 2812 439 2891 jurisdictioni
450 2817 568 2871 Patrum
580 2826 609 2870 et
620 2812 713 2891 plebis
724 2815 880 2892 permittit;
892 2835 943 2872 seu
955 2816 992 2874 de
1003 2819 1108 2895 poenis,

90 2942 136 2982 seu
150 2922 186 2979 de
202 2919 328 2999 praemiis
343 2930 452 2996 agatur.
470 2918 518 2977 Sic
533 2937 672 2995 generum
691 2919 854 2976 Honorium
874 2918 974 2976 docuit
989 2940 1111 2998 regnare

89 3040 115 3083 et
123 3024 178 3084 sibi
186 3026 331 3104 imperare
342 3023 480 3094 Stilicho,
495 3042 566 3101 pace
578 3035 607 3080 et
618 3022 697 3082 bello
708 3025 801 3082 clarus
812 3068 820 3095 ,
834 3044 887 3103 per
900 3044 986 3102 quem
997 3046 1108 3085 summa

89 3153 182 3190 rerum
201 3153 238 3189 ex
256 3131 376 3190 Oriente
393 3131 423 3186 in
446 3128 597 3207 antiquum
616 3142 704 3207 caput
724 3129 827 3202 rediit;
848 3133 1011 3206 113-129.
1034 3133 1110 3190 Hinc

88 3238 183 3296 laudes
199 3243 300 3295 Romae
316 3233 354 3293 ob
370 3233 556 3291 aedificiorum
570 3234 774 3312 splendorem,
787 3248 895 3314 septem
910 3237 1014 3308 colles,
1028 3257 1108 3298 arma

88 3358 115 3403 et
139 3347 234 3423 leges,
256 3344 423 3402 uuiversum
446 3341 619 3421 imperium,
636 3342 711 3418 juris
730 3341 897 3413 scientiam,
919 3341 1105 3403 victoriarum

88 3450 312 3520 multitudinem,
333 3449 363 3506 in
386 3448 542 3526 Hispania,
564 3447 681 3519 Sicilia,
701 3448 813 3518 Gallia,
830 3448 946 3520 Africa,
969 3449 1104 3510 invictam

87 3557 273 3616 constantiam
294 3566 361 3633 post
382 3557 514 3624 Cannas,
534 3551 744 3627 Trebiamque,
768 3562 797 3607 et
819 3550 1009 3610 Hannibalem
1032 3553 1106 3613 Urbi

85 3663 293 3732 imminentem,
305 3659 344 3718 ob
356 3660 509 3718 Britannos
519 3669 686 3736 superatos,
696 3655 840 3714 civitatem
852 3656 935 3714 victis
946 3655 1107 3717 liberaliter

84 3771 275 3849 inpertitam3
302 3765 464 3824 130-153.
487 3765 563 3822 Hinc
587 3763 676 3821 multa
698 3761 850 3824 commoda
872 3761 1036 3834 fluxerunt,
1058 3764 1106 3840 jus

83 3875 214 3955 hospitii,
231 3872 478 3954 peregrinationes
498 3870 544 3927 vel
564 3869 777 3940 remotissima,
794 3889 885 3946 quum
901 3867 980 3926 orbis
996 3870 1032 3928 sit
1047 3889 1105 3927 una

84 4002 148 4057 gens
167 4007 181 4055 :y
196 3977 399 4055 hincimperii
417 3975 573 4047 aeternitas,
596 3988 748 4052 postquam
763 3972 894 4031 nationes
909 3974 1032 4050 antiquae
1053 3994 1107 4051 per

909 4092 948 4173 1³
