2670 4830
220 381 266 427 aa
461 349 535 420 CL.
565 351 869 421 CLAUDIANI
897 353 1041 421 XXIV.

268 485 340 552 Nec
362 498 473 551 tamen
494 483 681 576 ingratum,
700 506 761 551 nec
778 483 835 575 qui
854 481 1026 553 benefacta
1048 483 1174 552 referre

167 643 170 647 -
215 592 365 675 Nesciat,
386 589 476 657 hunc
495 587 610 663 credas
628 587 807 682 populum:
829 590 855 656 si
873 586 1008 658 volvere
1027 591 1154 685 priscos

119 758 129 779 „
168 714 174 724 ¹
214 694 359 764 Annales
382 693 499 781 libeat,
518 694 647 788 quoties
668 694 722 763 hic
745 691 857 789 praelia
875 696 1017 789 sumpsit

103 846 107 854 ·
214 804 279 871 Pro
299 796 410 876 sociis!
427 801 555 895 quoties
575 794 664 868 dono
685 801 847 881 concessit
867 801 981 877 amicis

214 907 360 1003 Regibus
381 908 528 977 Ausonio
548 907 699 1001 quaesitas
718 908 877 1000 sauguine
898 904 1021 977 terras!

213 1013 349 1085 Publica
366 1013 424 1084 sed
441 1036 612 1107 nunquam
630 1027 724 1090 tanto
741 1037 775 1082 se
794 1014 899 1107 gratia
917 1012 1002 1082 fudit

214 1123 374 1208 Assensu3
390 1110 463 1214 quis
481 1121 570 1199 enim
588 1119 743 1213 princeps
761 1120 828 1188 hoc
850 1119 1004 1189 omnibus
1022 1121 1090 1214 egit

214 1227 408 1320 Obsequiis,
426 1225 608 1295 Dominum
629 1249 699 1294 sese
720 1228 919 1319 Patremque
937 1227 1069 1313 vocari,

215 1332 316 1421 Quod
338 1331 398 1400 tibi
416 1332 581 1409 continuis
601 1346 757 1403 resonant
777 1356 926 1402 convexa
947 1330 1089 1409 diebus?
1210 1357 1215 1364 ·
1247 1371 1288 1410 ιφ

213 1440 324 1506 Macte
346 1439 440 1506 novis
462 1437 577 1507 consul
596 1436 719 1507 titulis:
736 1439 903 1511 Mavortia
919 1438 1031 1533 plebes

211 1542 258 1612 Te
281 1543 469 1628 dominum,
488 1548 592 1612 Bruto
613 1569 681 1613 non
703 1544 914 1639 indignante,
936 1545 1068 1613 fatetur.

212 1653 256 1718 Et
273 1650 364 1744 quod
386 1649 495 1729 adhuc
516 1649 607 1719 nullo
629 1650 738 1744 potuit
755 1665 882 1731 terrore
900 1651 1037 1733 subacta

151 1736 154 1756 ⁵
213 1756 363 1826 Libertas
381 1759 533 1824 Romana
552 1759 638 1850 pati,
657 1754 847 1825 Stilichonis
862 1759 967 1826 amori

213 1929 291 1984 derit.
306 1932 418 1983 Romam
429 1929 543 1993 amabis,
554 1942 581 1983 et
591 1938 722 2000 quantum
765 1930 896 1985 adunam
910 1949 1000 1994 axem,
1013 1942 1059 1987 aut
1073 1942 1196 1992 centrum
1211 1929 1287 1985 adeo

211 2009 301 2062 licebit
321 2008 471 2070 habitabis,
494 2008 558 2079 quia
577 2008 664 2079 patria
682 2020 722 2062 est
765 2029 870 2075 unum,
896 2030 1023 2063 consenum
1047 2023 1139 2069 notare
1165 2008 1284 2067 videtur.

212 2088 338 2143 Eucherii
351 2089 399 2145 tut
733 2120 736 2127 ,
765 2090 877 2143 Plausus
886 2089 968 2150 ,datus
982 2091 1149 2162 principibus
1161 2091 1189 2145 in
1204 2091 1284 2147 thea-

255 2171 319 2223 182..
339 2168 393 2221 Tua
400 2169 472 2235 sacta
482 2168 540 2221 Bne.
655 2199 657 2204 ·
766 2183 818 2227 tro.
830 2170 908 2240 Virg.
923 2170 1022 2240 Georg.
1037 2168 1081 2237 Π,
1099 2169 1169 2228 508:

256 2247 322 2302 185.
343 2247 386 2301 stc
404 2247 537 2302 Antiocho
548 2247 647 2317 Magno
664 2265 720 2299 ere·
961 2265 1015 2329 hunc
1027 2265 1107 2321 phuam
1124 2266 1212 2309 tantem

211 2339 286 2398 ptam
301 2327 391 2380 Asiam
407 2327 444 2380 cls
456 2328 578 2381 Taurum
595 2327 665 2379 inter
679 2345 720 2379 so·
764 2333 1283 2391 I’ercuneosgemintuseuimpleb'uquepatrnmquc

212 2404 721 2478 cios,inquibuspreecipuusEumenes,
764 2403 874 2458 compute.

213 2486 335 2541 divisere.
343 2486 409 2542 Via.
423 2487 482 2540 Liv.
494 2487 657 2552 XXXVIII,
675 2487 720 2554 39.
766 2486 867 2538 Conler
880 2502 943 2545 mox
956 2485 1105 2545 adversum
1123 2489 1187 2554 1982

257 2569 320 2637 187.
335 2566 426 2623 Gratia
433 2567 518 2633 fudit:
531 2584 669 2636 nunquam
682 2566 720 2617 fa·
808 2583 871 2632 191.
891 2565 1034 2625 Mavortia:
1051 2566 1170 2638 populus
1184 2582 1281 2631 'romn-

212 2665 262 2700 vor
281 2646 416 2716 popularis
436 2657 489 2698 tarn
507 2646 622 2708 enituit,
640 2663 722 2715 quam
764 2662 815 2703 nus
826 2644 872 2717 qui
883 2645 996 2698 Martem
1009 2658 1148 2717 parentem
1160 2647 1284 2716 agnoscit

212 2743 296 2797 quum
313 2737 421 2778 vocatus
435 2743 463 2778 es
474 2725 620 2786 Dominus,
634 2735 661 2775 et
675 2725 722 2776 Pa·
767 2723 803 2775 ob
816 2725 980 2789 Romulum,
995 2727 1088 2779 Martis
1100 2725 1195 2779 lilium.

212 2817 253 2858 ter
268 2804 368 2876 patrie.
381 2804 482 2857 Mirum
499 2816 572 2856 certe
581 2801 675 2874 populi
693 2804 722 2854 in
808 2821 872 2872 19²·
886 2804 987 2867 Brutus,
996 2812 1094 2876 'regum
1104 2805 1241 2876 expulsor,
1253 2810 1280 2861 si

128 2950 131 2960 ἱ
213 2884 309 2937 merita
322 2897 369 2936 tua
384 2883 451 2953 grati
466 2882 549 2936 animi
563 2880 700 2935 indicium.
764 2881 878 2948 viveret,
890 2903 946 2937 non
959 2883 1155 2956 indignaretur,
1165 2885 1215 2941 sub
1226 2887 1281 2946 hac

255 2958 722 3032 188.Hocegit.Alii,ncncmit,·quod
764 2961 975 3022 circumstantia,
989 2965 1019 3016 in
1033 2965 1075 3017 his
1090 2965 1185 3028 rebus,
1202 2964 1279 3019 Stili-

210 3045 369 3116 probaverat
377 3041 510 3095 Heinsius.
604 3076 610 3081 -
764 3041 878 3094 chonem
890 3043 981 3100 vocari
995 3045 1129 3111 dominum,
1145 3043 1280 3114 quodmo-

253 3127 315 3194 189.
329 3123 458 3175 Dominum
469 3134 496 3174 et
505 3122 604 3173 Patrem
615 3121 720 3175 vocavit
763 3140 825 3175 men
831 3121 915 3175 libera
921 3124 1111 3193 respublicae
1117 3123 1201 3194 prima
1207 3124 1280 3181 adeo

211 3204 296 3256 Roma
312 3203 498 3255 Stilichonem.
513 3199 578 3254 Vid.
594 3202 657 3264 XV,
674 3219 719 3270 79.
763 3213 825 3259 aetas
834 3203 1129 3266 Caesarum,servorum
1138 3201 1221 3257 modo
1232 3225 1278 3259 re·

254 3283 459 3352 190.Quinttbt
475 3281 547 3351 vulg.
565 3281 631 3353 quod
644 3280 719 3333 MSS.
762 3293 856 3350 spectu
872 3282 945 3335 heris
962 3283 1105 3337 tribuebat.
1122 3283 1277 3352 Antiquam

210 3394 250 3404 -
266 3362 395 3425 convexa,
414 3380 499 3416 caveae
514 3361 628 3424 theatri,
646 3360 719 3413 circi.
763 3373 852 3413 autem
863 3362 926 3428 luit,
937 3362 977 3414 uti
987 3364 1084 3416 amoris
1094 3375 1122 3416 et
1130 3361 1277 3421 blanditia-

210 3441 286 3494 Hanc
304 3441 441 3494 notionem
461 3460 516 3495 esse
535 3440 670 3504 nominis,
690 3453 720 3494 ut
762 3459 823 3495 rum
852 3460 929 3496 causa
950 3443 1041 3500 domin
1062 3444 1211 3513 domumque
1232 3443 1277 3498 di.

210 3539 356 3574 cnncavum
371 3521 461 3592 potius
475 3520 623 3590 significet,
638 3539 719 3590 quam
762 3533 914 3575 cerentura
927 3522 1080 3577 caritatibus
1094 3524 1147 3579 suis
1160 3522 1188 3575 ‘et
1199 3543 1277 3581 amo.

210 3614 240 3654 ut
253 3600 293 3653 illi
306 3613 470 3671 opponatur,
482 3618 536 3671 quo
547 3597 626 3655 seusu
637 3599 719 3653 hodie
760 3600 854 3665 ribus,
875 3601 949 3672 quod
969 3601 997 3654 in
1013 3603 1155 3656 Thesauris
1174 3604 1279 3659 nostris

208 3681 288 3751 vulgo
304 3679 450 3750 accipitur,
465 3675 495 3732 in
509 3679 645 3734 Thesauro
661 3679 718 3734 Ste·
761 3692 906 3733 ostensum.
920 3683 999 3735 Hunc
1012 3702 1113 3737 morem
1128 3684 1173 3737 hic
1188 3685 1276 3755 respi-

207 3761 342 3832 phaniano
357 3757 472 3812 ostendi.
491 3759 565 3812 Infra
579 3760 718 3828 XXVIII,
761 3760 933 3814 cerevidetur
943 3773 1029 3833 poeta,
1036 3781 1120 3833 quum
1130 3763 1277 3818 stilichoni

209 3845 282 3905 611,
294 3838 386 3911 'ipsam
400 3851 578 3910 spectatorum
595 3838 717 3893 multitu·
759 3858 858 3895 nomen
865 3842 973 3897 Domini
980 3843 1014 3894 ab
1023 3861 1112 3896 amore
1124 3845 1276 3911 tributum,

207 3921 297 3974 dinem
312 3931 389 3973 vocat
402 3931 480 3990 poeta
498 3920 587 3988 vulgus
600 3919 716 3988 gradibus
759 3920 881 3975 affirmat.

207 3999 627 4054 Cr'rciccnrcaum.1ncliuationem
634 3999 714 4069 igitur
803 4001 866 4069 193.
881 4002 972 4056 Coacta
987 4003 1020 4056 al.
1034 4015 1064 4055 ut
1079 4003 1115 4066 V,
1130 4002 1196 4065 31¹4.
1216 4022 1218 4026 ¹
1243 4039 1247 4050 .
